<!DOCTYPE html PUBLIC "-//W3C//DTD XHTML 1.0 Strict//EN" "http://www.w3.org/TR/xhtml1/DTD/xhtml1-strict.dtd"><html xmlns="http://www.w3.org/1999/xhtml"><head><meta content="text/html; charset=utf-8" http-equiv="content-type"></meta><title>Vente Soins Dentaires en ligne - Auchandirect.fr</title><!-- correction d'un bug de compatibilité tapestry/IE9 --><meta content="IE=EmulateIE8" http-equiv="X-UA-Compatible"></meta><meta content="Faites vos courses en ligne sur Auchandirect.fr! Soins Dentaires en livraison 24h dans les régions de Paris, Lyon, Marseille, Toulouse et Lille." name="description"></meta><meta content="index, follow" name="robots"></meta><meta content="0" http-equiv="expires"></meta><meta content="no-cache" http-equiv="pragma"></meta><meta content="no-store, no-cache, must-revalidate" http-equiv="cache-control"></meta><link type="text/css" rel="stylesheet" href="http://www.refonte.auchandirect.fr/assets/tapestry/5.1.0.5/default.css"></link><link type="text/css" rel="stylesheet" href="http://www.refonte.auchandirect.fr/assets/ctx/cb0cdd30e165aaa4/static/css/auchan_surcharge.css"></link><link type="text/css" rel="stylesheet" href="http://www.refonte.auchandirect.fr/assets/ctx/cb0cdd30e165aaa4/static/css/styles.css"></link><link type="text/css" rel="stylesheet" href="http://www.refonte.auchandirect.fr/assets/ctx/cb0cdd30e165aaa4/static/css/common.css"></link><link media="screen" href="http://www.refonte.auchandirect.fr/static/fancybox/jquery.fancybox-1.3.4.css" type="text/css" rel="stylesheet"></link><!--[if lte IE 7]><style type="text/css">div#engagements .item .item-picto, div#engagements
.item .item-texte, div#engagements-long .item .item-picto,
div#engagements-long .item .item-texte { display: inline; zoom:1; }</style><link media="all" type="text/css" href="/static/css/ie7.css" rel="stylesheet"></link><![endif]--><!--[if lte IE 8]><link media="all" type="text/css" href="/static/css/ie8.css" rel="stylesheet"></link><![endif]--><!--[if lte IE 9]><style type="text/css">
.liste-produits-menu a.active , .liste-produits-menu a:hover{
filter: none;}
</style><![endif]--><!--[if IE]><link media="all" type="text/css" href="/static/css/ie.css" rel="stylesheet"></link><![endif]--><script src="http://www.refonte.auchandirect.fr/assets/scriptaculous/5.1.0.5/prototype.js" type="text/javascript"></script><script src="http://www.refonte.auchandirect.fr/assets/scriptaculous/5.1.0.5/scriptaculous.js" type="text/javascript"></script><script src="http://www.refonte.auchandirect.fr/assets/scriptaculous/5.1.0.5/effects.js" type="text/javascript"></script><script src="http://www.refonte.auchandirect.fr/assets/tapestry/5.1.0.5/tapestry.js" type="text/javascript"></script><script src="http://www.refonte.auchandirect.fr/assets/tapestry/5.1.0.5/tapestry-messages.js" type="text/javascript"></script><script src="http://www.refonte.auchandirect.fr/assets/ctx/cb0cdd30e165aaa4/static/scripts/tapestry-patch.js" type="text/javascript"></script><script src="http://www.refonte.auchandirect.fr/assets/ctx/cb0cdd30e165aaa4/static/scripts/jquery.min.js" type="text/javascript"></script><script src="http://www.refonte.auchandirect.fr/assets/ctx/cb0cdd30e165aaa4/static/scripts/jquery.tools.min.js" type="text/javascript"></script><script src="http://www.refonte.auchandirect.fr/assets/ctx/cb0cdd30e165aaa4/static/fancybox/jquery.fancybox-1.3.4.js" type="text/javascript"></script><script src="http://www.refonte.auchandirect.fr/assets/ctx/cb0cdd30e165aaa4/static/scripts/cacom-custom-lib.js" type="text/javascript"></script><script src="http://www.refonte.auchandirect.fr/assets/ctx/cb0cdd30e165aaa4/static/fancybox/jquery.mousewheel-3.0.4.pack.js" type="text/javascript"></script><script src="http://www.refonte.auchandirect.fr/assets/ctx/cb0cdd30e165aaa4/static/scripts/common.js" type="text/javascript"></script><script src="http://www.refonte.auchandirect.fr/assets/ctx/cb0cdd30e165aaa4/static/scripts/ZoneUpdater.js" type="text/javascript"></script><script src="http://www.refonte.auchandirect.fr/assets/ctx/cb0cdd30e165aaa4/static/scripts/jquery.carouFredSel-5.5.0-packed.js" type="text/javascript"></script><script type="text/javascript" language="javascript">
var j = jQuery.noConflict();
j(function() {
j("#foo2").carouFredSel({
circular: true,
infinite: false,
auto : true,
scroll : {
items : "page"
},
prev : {
button : "#foo2_prev",
key : "left"
},
next : {
button : "#foo2_next",
key : "right"
},
pagination : "#foo2_pag"
});
if($(".caroufredsel_wrapper")!=null)
$(".caroufredsel_wrapper").css({
'height': '246px'
});
if($(".page_famille_carrousel")!=null)
$(".page_famille_carrousel").css({
'overflow': 'hidden'
});
});
</script></head><body style="background : url('http://www.refonte.auchandirect.fr/static/habillagejanvier.JPG') repeat-x;
background-position : top center;
"><div class="fiche-produit" id="page"><div id="tetiere"><div id="logo"><!-- HEADER_LOGO --><div id="logo">
<a href="../../../../index.html" title="accueil"><img src="http://www.refonte.auchandirect.fr/static/images/logo-auchan.jpg" alt="Accueil" /></a>
</div>
</div><div id="pub"><?xml version="1.0" encoding="UTF-8"?><a  href="../../../../commander/identification.signin.forgetpwdpopup.html"  title="Inscrivez-vous et bénéficiez de la 1ere livraison offerte avec le code BIENVENUE dès 120€ d'achats"><img src="http://www.refonte.auchandirect.fr/img/display/000/000/530/5301.jpg" /></a>
</div><!-- HEADER_HAUT_DROIT --><!-- <t:outputraw value="headerHauteDroit" /> --><div id="newsletter"><h3>Newsletter</h3><a id="newsLetterPopup" onclick="javascript:Tapestry.waitForPage(event);" href="http://www.refonte.auchandirect.fr/rayon.pagetemplate.header.headertop.newsletterpopup?t:ac=764">Inscrivez-vous vite !</a></div></div><div id="menu-top"><div id="menu-promos"><ul class="menu menu-horizontal"><li><a title="promos" class="menu-top-promos" href="../../../../rayon.customerinfos.minibasket.validatebasket%3Ft:ac=promos.html">Promotions</a></li><li><a title="nouveautes" class="menu-top-nouveautes" href="../../../../nouveaut%25C3%25A9s/id0/nouveautes.html">Nouveautés</a></li></ul></div><div id="bloc-recherche"><form onsubmit="javascript:Tapestry.waitForPage(event);" action="http://www.refonte.auchandirect.fr/rayon.pagetemplate.header.headermenutop.searchform" method="post" id="searchForm" name="searchForm"><div class="t-invisible"><input value="764" name="t:ac" type="hidden"></input><input value="H4sIAAAAAAAAAJ2QoU4DQRBAp03A1JHwB2C3CGrAUAGqIaQXPmBub7jbZndn2Z2D1mD4DwyW8BMVOP6hhmCQoBBce3UkJEVNMsnMe3lPH7B1ewBqjDP2RwFLEnLBopCqCAuK6+HI18JBJcKoqxRhwLFUGFBXpAQDJYmzgdIcyZpc5ZhIDfNmiVrODNliLyOpw/7lvLfYffnuQmcEPc1eIttzdCSwM5rgDfYt+rKfSTS+PJ4Gge2W+C/H4aaOF5E1pZTVuTMpGfbz5+Lw6uvhtQswDRs5LF9I43Dyp4NmF9iTl6RWUPmt8LYYf96fPr63ychSg5Blsmu4g06baHX6A/6kTBjLAQAA" name="t:formdata" type="hidden"></input></div><div><input title="recherche" class="texte-recherche" value="Rechercher" id="search" name="search" type="text"></input><img id="search-icon" class="t-error-icon t-invisible" alt="" src="http://www.refonte.auchandirect.fr/assets/tapestry/5.1.0.5/spacer.gif"/><input value="OK" class="recherche-submit" name="submit" type="submit"></input></div></form></div></div><div id="menu" class="float-container"><ul id="menu-principal" class="menu menu-horizontal"><li><a class="first" title="RR1002" href="764.html#">Marché</a><div class="hovered_big_menu" id="4042"><div class="menu-panel"><div class="menu-listes-container float-container"><div class="menu-listes"><ul class="menu menu-horizontal menu_left"><li><h3><a title="RR2007" rel="page-461" href="../../../../sousfamille.customerinfos.minibasket.validatebasket%3Ft:ac=404%252F461.html">Fruits</a></h3><ul class="menu"><li><a href="../../../../march%25C3%25A9/fruits/fruits-de-saison/id0/592.html">Fruits de saison </a></li><li><a href="../../../../march%25C3%25A9/fruits/agrumes/id0/444663.html">Agrumes</a></li><li><a href="../../../../march%25C3%25A9/fruits/bananes,-fruits-exotiques/id0/589.html">Bananes, Fruits exotiques</a></li><li><a href="../../../../march%25C3%25A9/fruits/pommes,-poires/id0/593.html">Pommes, Poires</a></li><li><a href="../../../../march%25C3%25A9/fruits/fruits-rouges/id0/590.html">Fruits rouges</a></li><li><a href="../../../../march%25C3%25A9/fruits/fruits-%25C3%25A0-noyau,-raisins/id0/596.html">Fruits à Noyau, Raisins</a></li><li><a href="../../../../march%25C3%25A9/fruits/fruits-secs-et-pr%25C3%25AAts-%25C3%25A0-l'emploi/id0/595.html">Fruits Secs et Prêts à l'Emploi</a></li><li><a href="../../../../march%25C3%25A9/fruits/jus-de-fruits-frais/id0/100371.html">Jus de Fruits frais</a></li></ul></li><li><h3><a title="RR2006" rel="page-463" href="../../../../id3/404/463.html">Légumes</a></h3><ul class="menu"><li><a href="../../../../march%25C3%25A9/l%25C3%25A9gumes/l%25C3%25A9gumes-de-saison/id0/431975.html">Légumes de saison</a></li><li><a href="../../../../march%25C3%25A9/l%25C3%25A9gumes/salades,-endives,-herbes-aromatiques/id0/585.html">Salades, Endives, Herbes aromatiques</a></li><li><a href="../../../../march%25C3%25A9/l%25C3%25A9gumes/tomates/id0/82017.html">Tomates</a></li><li><a href="../../../../march%25C3%25A9/l%25C3%25A9gumes/aubergines,-courgettes,-poivrons/id0/583.html">Aubergines, Courgettes, Poivrons</a></li><li><a href="../../../../march%25C3%25A9/l%25C3%25A9gumes/avocats,-concombres,-radis,-celeris/id0/581.html">Avocats, Concombres, Radis, Celeris</a></li><li><a href="../../../../march%25C3%25A9/l%25C3%25A9gumes/carottes,-poireaux,-navets,-potirons,-choux/id0/580.html">Carottes, Poireaux, Navets, Potirons, Choux</a></li><li><a href="../../../../march%25C3%25A9/l%25C3%25A9gumes/l%25C3%25A9gumes-verts,-asperges,-champignons/id0/579.html">Légumes verts, Asperges, Champignons</a></li><li><a href="../../../../march%25C3%25A9/l%25C3%25A9gumes/pommes-de-terre/id0/584.html">Pommes de Terre</a></li><li><a href="../../../../march%25C3%25A9/l%25C3%25A9gumes/ails,-oignons,-echalotes/id0/587.html">Ails, Oignons, Echalotes</a></li><li><a href="../../../../march%25C3%25A9/l%25C3%25A9gumes/soupes-fra%25C3%25AEches,-pr%25C3%25AAts-%25C3%25A0-l'emploi,-l%25C3%25A9gumes-secs/id0/588.html">Soupes Fraîches, Prêts à l'emploi, Légumes secs</a></li></ul></li><li><h3><a title="RR2009" rel="page-460" href="../../../../id3/404/460.html">Boucherie - Volaille</a></h3><ul class="menu"><li><a href="../../../../march%25C3%25A9/boucherie---volaille/les-pi%25C3%25A8ces-du-boucher/id0/431977.html">Les pièces du Boucher</a></li><li><a href="../../../../march%25C3%25A9/boucherie---volaille/b%25C5%2593uf/id0/601.html">Bœuf</a></li><li><a href="../../../../march%25C3%25A9/boucherie---volaille/porc,-veau,-agneau/id0/600.html">Porc, Veau, Agneau</a></li><li><a href="../../../../march%25C3%25A9/boucherie---volaille/poulet,-dinde,-autres-volailles/id0/603.html">Poulet, Dinde, Autres Volailles</a></li><li><a href="../../../../march%25C3%25A9/boucherie---volaille/saucisse,-viandes-cuisin%25C3%25A9es,-snack,-sauce/id0/602.html">Saucisse, Viandes Cuisinées, Snack, Sauce</a></li></ul></li><li><h3><a title="RR2008" rel="page-462" href="../../../../id3/404/462.html">Produits de la mer</a></h3><ul class="menu"><li><a href="../../../../march%25C3%25A9/produits-de-la-mer/poissons-frais,-fruits-de-mer,-poissons-pan%25C3%25A9s/id0/597.html">Poissons frais, Fruits de Mer, Poissons Panés</a></li><li><a href="../../../../march%25C3%25A9/produits-de-la-mer/poissons-fum%25C3%25A9s/id0/82012.html">Poissons Fumés</a></li><li><a href="../../../../march%25C3%25A9/produits-de-la-mer/produits-ap%25C3%25A9ritifs/id0/100366.html">Produits Apéritifs</a></li><li><a href="../../../../march%25C3%25A9/produits-de-la-mer/surimis/id0/100363.html">Surimis</a></li></ul></li><li><h3><a title="RR3360" rel="page-100376" href="../../../../id3/404/100376.html">Pains - Viennoiseries</a></h3><ul class="menu"><li><a href="../../../../march%25C3%25A9/pains---viennoiseries/pains,-pains-de-mie/id0/100377.html">Pains, Pains de mie</a></li><li><a href="../../../../march%25C3%25A9/pains---viennoiseries/pains-%25C3%25A0-garnir/id0/431981.html">Pains à garnir</a></li><li><a href="../../../../march%25C3%25A9/pains---viennoiseries/brioches-et-viennoiseries/id0/100381.html">Brioches et Viennoiseries</a></li></ul></li></ul><?xml version="1.0" encoding="UTF-8"?><a href="http://www.refonte.auchandirect.fr/rayon/511862"><img src="http://www.refonte.auchandirect.fr/static/vitamines.jpg" alt="Faites le plein de vitamines !" title="Faites le plein de vitamines !" width="150" height="275" /></a>    
<div class="clear"></div></div><div class="clear"></div></div></div></div></li><li><a title="RR1003" href="764.html#">Produits laitiers<br/>Œufs</a><div class="hovered_big_menu" id="4082"><div class="menu-panel"><div class="menu-listes-container float-container"><div class="menu-listes"><ul class="menu menu-horizontal menu_left"><li><h3><a title="RR2010" rel="page-459" href="../../../../id3/408/459.html">Crémerie, Oeufs</a></h3><ul class="menu"><li><a href="../../../../produits-laitiers,-%25C5%2593ufs/cr%25C3%25A9merie,-oeufs/laits/id0/605.html">Laits</a></li><li><a href="../../../../produits-laitiers,-%25C5%2593ufs/cr%25C3%25A9merie,-oeufs/cr%25C3%25A8mes-fra%25C3%25AEches,-sauces/id0/608.html">Crèmes Fraîches, Sauces </a></li><li><a href="../../../../produits-laitiers,-%25C5%2593ufs/cr%25C3%25A9merie,-oeufs/beurres/id0/604.html">Beurres</a></li><li><a href="../../../../produits-laitiers,-%25C5%2593ufs/cr%25C3%25A9merie,-oeufs/margarines/id0/607.html">Margarines</a></li><li><a href="../../../../produits-laitiers,-%25C5%2593ufs/cr%25C3%25A9merie,-oeufs/oeufs/id0/606.html">Oeufs</a></li></ul></li><li><h3><a title="RR2011" rel="page-466" href="../../../../id3/408/466.html">Fromages</a></h3><ul class="menu"><li><a href="../../../../produits-laitiers,-%25C5%2593ufs/fromages/emmental,-comt%25C3%25A9,-rap%25C3%25A9,-parmesan/id0/431987.html">Emmental, Comté, Rapé et Parmesan</a></li><li><a href="../../../../produits-laitiers,-%25C5%2593ufs/fromages/ch%25C3%25A8vres,-brebis,-bleus,-roqueforts/id0/610.html">Chèvres,  Brebis, Bleus, Roqueforts</a></li><li><a href="../../../../produits-laitiers,-%25C5%2593ufs/fromages/camemberts,-coulommiers,-bries/id0/611.html">Camemberts,  Coulommiers,  Bries</a></li><li><a href="../../../../produits-laitiers,-%25C5%2593ufs/fromages/sp%25C3%25A9cialit%25C3%25A9s,-aop/id0/612.html">Spécialités,  AOP</a></li><li><a href="../../../../produits-laitiers,-%25C5%2593ufs/fromages/fromages-all%25C3%25A9g%25C3%25A9s/id0/618.html">Fromages Allégés</a></li><li><a href="../../../../produits-laitiers,-%25C5%2593ufs/fromages/a-cuisiner,-a-tartiner,-a-fondre/id0/614.html">A cuisiner, A tartiner, A fondre</a></li><li><a href="../../../../produits-laitiers,-%25C5%2593ufs/fromages/ap%25C3%25A9ritifs,-salades,-mozzarellas/id0/615.html">Apéritifs,  Salades,  Mozzarellas</a></li><li><a href="../../../../produits-laitiers,-%25C5%2593ufs/fromages/enfants/id0/617.html">Enfants</a></li></ul></li><li><h3><a title="RR2012" rel="page-464" href="../../../../id3/408/464.html">Yaourts, Desserts</a></h3><ul class="menu"><li><a href="../../../../produits-laitiers,-%25C5%2593ufs/yaourts,-desserts/yaourts-natures,-fromages-blancs/id0/619.html">Yaourts natures, Fromages blancs</a></li><li><a href="../../../../produits-laitiers,-%25C5%2593ufs/yaourts,-desserts/yaourts-aux-fruits,-aromatis%25C3%25A9s/id0/620.html">Yaourts aux fruits,  Aromatisés</a></li><li><a href="../../../../produits-laitiers,-%25C5%2593ufs/yaourts,-desserts/yaourts-enfants,-a-boire/id0/621.html">Yaourts enfants, A boire</a></li><li><a href="../../../../produits-laitiers,-%25C5%2593ufs/yaourts,-desserts/desserts-gourmands/id0/622.html">Desserts gourmands</a></li><li><a href="../../../../produits-laitiers,-%25C5%2593ufs/yaourts,-desserts/all%25C3%25A9g%25C3%25A9s,-bien-%25C3%25AAtre/id0/623.html">Allégés,  Bien Être</a></li><li><a href="../../../../produits-laitiers,-%25C5%2593ufs/yaourts,-desserts/compotes/id0/431969.html">Compotes</a></li></ul></li></ul><?xml version="1.0" encoding="UTF-8"?><a href="http://www.refonte.auchandirect.fr/rayon/593464"><img src="http://www.refonte.auchandirect.fr/static/S0213laitierV2.png" alt="La promo de la semaine au rayon laitier" title="La promo de la semaine au rayon laitier" /></a>    
<div class="clear"></div></div><div class="clear"></div></div></div></div></li><li><a title="RR1004" href="764.html#">Charcuterie<br/>Traiteur</a><div class="hovered_big_menu" id="4072"><div class="menu-panel"><div class="menu-listes-container float-container"><div class="menu-listes"><ul class="menu menu-horizontal menu_left"><li><h3><a title="RR2013" rel="page-468" href="../../../../id3/407/468.html">Charcuterie</a></h3><ul class="menu"><li><a href="../../../../charcuterie-traiteur/charcuterie/jambons/id0/624.html">Jambons</a></li><li><a href="../../../../charcuterie-traiteur/charcuterie/lardons,-bacon,-aides-culinaires/id0/626.html">Lardons, Bacon, Aides culinaires</a></li><li><a href="../../../../charcuterie-traiteur/charcuterie/saucisses,-boudins/id0/629.html">Saucisses, Boudins</a></li><li><a href="../../../../charcuterie-traiteur/charcuterie/saucissons,-p%25C3%25A2t%25C3%25A9s,-rillettes/id0/625.html">Saucissons, Pâtés, Rillettes</a></li></ul></li><li><h3><a title="RR2014" rel="page-465" href="../../../../id3/407/465.html">Traiteur</a></h3><ul class="menu"><li><a href="../../../../charcuterie-traiteur/traiteur/entr%25C3%25A9es,-ap%25C3%25A9ritifs/id0/630.html">Entrées, Apéritifs</a></li><li><a href="../../../../charcuterie-traiteur/traiteur/salades-compos%25C3%25A9es,-crudit%25C3%25A9s,-soupes/id0/627.html">Salades Composées, Crudités, Soupes</a></li><li><a href="../../../../charcuterie-traiteur/traiteur/burgers,-croques/id0/632.html">Burgers, Croques</a></li><li><a href="../../../../charcuterie-traiteur/traiteur/cordons-bleus,-nuggets,-grignottes/id0/636.html">Cordons Bleus, Nuggets, Grignottes</a></li><li><a href="../../../../charcuterie-traiteur/traiteur/pizzas,-tartes,-quiches/id0/631.html">Pizzas, Tartes, Quiches</a></li><li><a href="../../../../charcuterie-traiteur/traiteur/p%25C3%25A2tes-fra%25C3%25AEches,-quenelles/id0/634.html">Pâtes Fraîches, Quenelles</a></li><li><a href="../../../../charcuterie-traiteur/traiteur/plats-cuisin%25C3%25A9s/id0/628.html">Plats cuisinés</a></li><li><a href="../../../../charcuterie-traiteur/traiteur/p%25C3%25A2tes-%25C3%25A0-tarte-et-%25C3%25A0-g%25C3%25A2teaux/id0/633.html">Pâtes à Tarte et à Gâteaux</a></li><li><a href="../../../../charcuterie-traiteur/traiteur/destockage-foie-gras-et-toasts/id0/565014.html">Destockage Foie Gras et Toasts</a></li></ul></li><li><h3><a title="RR2016" rel="page-467" href="../../../../id3/407/467.html">Traiteur de la Mer</a></h3><ul class="menu"><li><a href="../../../../charcuterie-traiteur/traiteur-de-la-mer/poissons-fum%25C3%25A9s/id0/639.html">Poissons Fumés</a></li><li><a href="../../../../charcuterie-traiteur/traiteur-de-la-mer/surimis,-poissons-pan%25C3%25A9s/id0/637.html">Surimis, Poissons panés</a></li><li><a href="../../../../charcuterie-traiteur/traiteur-de-la-mer/produits-ap%25C3%25A9ritifs/id0/640.html">Produits Apéritifs</a></li></ul></li></ul><?xml version="1.0" encoding="UTF-8"?><a href="http://www.refonte.auchandirect.fr/rayon/511863"><img src="http://www.refonte.auchandirect.fr/static/jambons.jpg" alt="Le jambon...c'est meilleur en promo !" title="Le jambon...c'est meilleur en promo !" width="150" height="275" /></a>     
<div class="clear"></div></div><div class="clear"></div></div></div></div></li><li><a title="RR1005" href="764.html#">Surgelés</a><div class="hovered_big_menu" id="4062"><div class="menu-panel"><div class="menu-listes-container float-container"><div class="menu-listes"><ul class="menu menu-horizontal menu_left"><li><h3><a title="RR2017" rel="page-472" href="../../../../id3/406/472.html">Apéritifs, Entrées, Snacks</a></h3><ul class="menu"><li><a href="../../../../surgel%25C3%25A9s/ap%25C3%25A9ritifs,-entr%25C3%25A9es,-snacks/ap%25C3%25A9ritifs,-petits-fours/id0/431976.html">Apéritifs, Petits fours</a></li><li><a href="../../../../surgel%25C3%25A9s/ap%25C3%25A9ritifs,-entr%25C3%25A9es,-snacks/cr%25C3%25AApes,-feuillet%25C3%25A9s/id0/431978.html">Crêpes, Feuilletés</a></li><li><a href="../../../../surgel%25C3%25A9s/ap%25C3%25A9ritifs,-entr%25C3%25A9es,-snacks/bun's,-burgers/id0/431979.html">Bun's, Burgers</a></li><li><a href="../../../../surgel%25C3%25A9s/ap%25C3%25A9ritifs,-entr%25C3%25A9es,-snacks/coquilles,-escargots/id0/431980.html">Coquilles, Escargots</a></li></ul></li><li><h3><a title="Pizzas, Tartes, Plats cuisinés" rel="page-431964" href="../../../../id3/406/431964.html">Pizzas, Tartes, Plats cuisinés</a></h3><ul class="menu"><li><a href="../../../../surgel%25C3%25A9s/pizzas,-tartes,-plats-cuisin%25C3%25A9s/pizzas/id0/648.html">Pizzas</a></li><li><a href="../../../../surgel%25C3%25A9s/pizzas,-tartes,-plats-cuisin%25C3%25A9s/tartes,-quiches/id0/431973.html">Tartes, Quiches</a></li><li><a href="../../../../surgel%25C3%25A9s/pizzas,-tartes,-plats-cuisin%25C3%25A9s/plats-cuisin%25C3%25A9s/id0/646.html">Plats Cuisinés</a></li></ul></li><li><h3><a title="RR2019" rel="page-470" href="../../../../id3/406/470.html">Viandes, Produits de la Mer</a></h3><ul class="menu"><li><a href="../../../../surgel%25C3%25A9s/viandes,-produits-de-la-mer/viandes/id0/652.html">Viandes</a></li><li><a href="../../../../surgel%25C3%25A9s/viandes,-produits-de-la-mer/produits-de-la-mer/id0/654.html">Produits de la Mer</a></li></ul></li><li><h3><a title="RR2018" rel="page-469" href="../../../../id3/406/469.html">Légumes, Pommes de Terre, Herbes</a></h3><ul class="menu"><li><a href="../../../../surgel%25C3%25A9s/l%25C3%25A9gumes,-pommes-de-terre,-herbes/frites,-pommes-de-terre/id0/647.html">Frites, Pommes de Terre</a></li><li><a href="../../../../surgel%25C3%25A9s/l%25C3%25A9gumes,-pommes-de-terre,-herbes/l%25C3%25A9gumes/id0/650.html">Légumes</a></li><li><a href="../../../../surgel%25C3%25A9s/l%25C3%25A9gumes,-pommes-de-terre,-herbes/herbes-aromatiques-et-sauces/id0/651.html">Herbes Aromatiques et sauces</a></li></ul></li><li><h3><a title="RR2020" rel="page-471" href="../../../../id3/406/471.html">Glaces, Patisseries, Viennoiseries</a></h3><ul class="menu"><li><a href="../../../../surgel%25C3%25A9s/glaces,-patisseries,-viennoiseries/glaces-individuelles/id0/657.html">Glaces Individuelles</a></li><li><a href="../../../../surgel%25C3%25A9s/glaces,-patisseries,-viennoiseries/glaces-%25C3%25A0-partager/id0/653.html">Glaces à Partager</a></li><li><a href="../../../../surgel%25C3%25A9s/glaces,-patisseries,-viennoiseries/p%25C3%25A2tisseries,-viennoiseries/id0/656.html">Pâtisseries, Viennoiseries</a></li><li><a href="../../../../surgel%25C3%25A9s/glaces,-patisseries,-viennoiseries/accompagnements,-fruits/id0/655.html">Accompagnements, Fruits</a></li><li><a href="../../../../surgel%25C3%25A9s/glaces,-patisseries,-viennoiseries/b%25C3%25BBches-de-f%25C3%25AAtes/id0/451162.html">Bûches de Fêtes</a></li></ul></li></ul><?xml version="1.0" encoding="UTF-8"?><a href="http://www.refonte.auchandirect.fr/rayon/511868"><img src="http://www.refonte.auchandirect.fr/static/S0213_surgeles.jpg" alt="La promo de la semaine au rayon surgel&eacute;s " title="La promo de la semaine au rayon surgel&eacute;s " width="150" height="275" /></a>    
<div class="clear"></div></div><div class="clear"></div></div></div></div></li><li><a title="RR1006" href="764.html#">Epicerie<br/>Salée</a><div class="hovered_big_menu" id="4132"><div class="menu-panel"><div class="menu-listes-container float-container"><div class="menu-listes"><ul class="menu menu-horizontal menu_left"><li><h3><a title="RR2025" rel="page-479" href="../../../../id3/413/479.html">Conserves, Plats Cuisinés</a></h3><ul class="menu"><li><a href="../../../../epicerie-sal%25C3%25A9e/conserves,-plats-cuisin%25C3%25A9s/conserves-de-l%25C3%25A9gumes/id0/674.html">Conserves de Légumes</a></li><li><a href="../../../../epicerie-sal%25C3%25A9e/conserves,-plats-cuisin%25C3%25A9s/conserves-de-poissons/id0/676.html">Conserves de Poissons</a></li><li><a href="../../../../epicerie-sal%25C3%25A9e/conserves,-plats-cuisin%25C3%25A9s/plats-cuisin%25C3%25A9s/id0/677.html">Plats Cuisinés</a></li><li><a href="../../../../epicerie-sal%25C3%25A9e/conserves,-plats-cuisin%25C3%25A9s/terrines,-pat%25C3%25A9s/id0/679.html">Terrines, Patés</a></li></ul></li><li><h3><a title="RR2023" rel="page-480" href="../../../../id3/413/480.html">Pâtes, Riz, Purées</a></h3><ul class="menu"><li><a href="../../../../epicerie-sal%25C3%25A9e/p%25C3%25A2tes,-riz,-pur%25C3%25A9es/p%25C3%25A2tes/id0/681.html">Pâtes</a></li><li><a href="../../../../epicerie-sal%25C3%25A9e/p%25C3%25A2tes,-riz,-pur%25C3%25A9es/riz/id0/680.html">Riz</a></li><li><a href="../../../../epicerie-sal%25C3%25A9e/p%25C3%25A2tes,-riz,-pur%25C3%25A9es/sauces-pour-p%25C3%25A2tes-et-riz/id0/431966.html">Sauces pour Pâtes et Riz</a></li><li><a href="../../../../epicerie-sal%25C3%25A9e/p%25C3%25A2tes,-riz,-pur%25C3%25A9es/bl%25C3%25A9s,-semoules,-l%25C3%25A9gumes-secs/id0/678.html">Blés, Semoules, Légumes secs</a></li><li><a href="../../../../epicerie-sal%25C3%25A9e/p%25C3%25A2tes,-riz,-pur%25C3%25A9es/pur%25C3%25A9es/id0/682.html">Purées</a></li></ul></li><li><h3><a title="RR2022" rel="page-481" href="../../../../id3/413/481.html">Potages et Soupes</a></h3><ul class="menu"><li><a href="../../../../epicerie-sal%25C3%25A9e/potages-et-soupes/format-familial/id0/683.html">Format Familial</a></li><li><a href="../../../../epicerie-sal%25C3%25A9e/potages-et-soupes/format-individuel/id0/686.html">Format individuel</a></li><li><a href="../../../../epicerie-sal%25C3%25A9e/potages-et-soupes/de%25CC%2581shydrate%25CC%2581es,-instantane%25CC%2581es,-croutons/id0/685.html">Déshydratées, Instantanées, Croutons</a></li></ul></li><li><h3><a title="RR2024" rel="page-482" href="../../../../id3/413/482.html">Sauces, Condiments</a></h3><ul class="menu"><li><a href="../../../../epicerie-sal%25C3%25A9e/sauces,-condiments/huiles/id0/692.html">Huiles</a></li><li><a href="../../../../epicerie-sal%25C3%25A9e/sauces,-condiments/vinaigres,-vinaigrettes/id0/694.html">Vinaigres, Vinaigrettes</a></li><li><a href="../../../../epicerie-sal%25C3%25A9e/sauces,-condiments/sauces-chaudes/id0/689.html">Sauces Chaudes</a></li><li><a href="../../../../epicerie-sal%25C3%25A9e/sauces,-condiments/moutarde,-mayonnaise,-ketchup/id0/691.html">Moutarde, Mayonnaise, Ketchup</a></li><li><a href="../../../../epicerie-sal%25C3%25A9e/sauces,-condiments/olives,-cornichons/id0/688.html">Olives,  Cornichons</a></li><li><a href="../../../../epicerie-sal%25C3%25A9e/sauces,-condiments/sel,-poivre,-epices,-herbes/id0/695.html">Sel, Poivre, Epices, Herbes</a></li><li><a href="../../../../epicerie-sal%25C3%25A9e/sauces,-condiments/bouillons,-aides-culinaires/id0/687.html">Bouillons, Aides culinaires</a></li></ul></li><li><h3><a title="RR2021" rel="page-477" href="../../../../id3/413/477.html">Produits salés apéritifs</a></h3><ul class="menu"><li><a href="../../../../epicerie-sal%25C3%25A9e/produits-sal%25C3%25A9s-ap%25C3%25A9ritifs/chips,-tuiles/id0/675.html">Chips, Tuiles</a></li><li><a href="../../../../epicerie-sal%25C3%25A9e/produits-sal%25C3%25A9s-ap%25C3%25A9ritifs/cacahu%25C3%25A8tes,-autres-graines/id0/673.html">Cacahuètes, Autres Graines</a></li><li><a href="../../../../epicerie-sal%25C3%25A9e/produits-sal%25C3%25A9s-ap%25C3%25A9ritifs/biscuits-sal%25C3%25A9s,-souffl%25C3%25A9s/id0/668.html">Biscuits salés, Soufflés</a></li><li><a href="../../../../epicerie-sal%25C3%25A9e/produits-sal%25C3%25A9s-ap%25C3%25A9ritifs/autres-produits-ap%25C3%25A9ritifs/id0/669.html">Autres Produits Apéritifs</a></li></ul></li><li><h3><a title="RR3363" rel="page-143464" href="../../../../id3/413/143464.html">Produits Gourmets</a></h3><ul class="menu"><li><a href="../../../../epicerie-sal%25C3%25A9e/produits-gourmets/epicerie-sal%25C3%25A9e/id0/143468.html">Epicerie Salée</a></li><li><a href="../../../../epicerie-sal%25C3%25A9e/produits-gourmets/epicerie-sucr%25C3%25A9e/id0/143469.html">Epicerie Sucrée</a></li></ul></li></ul><?xml version="1.0" encoding="UTF-8"?><a href="http://www.refonte.auchandirect.fr/rayon/485262"><img src="http://www.refonte.auchandirect.fr/static/S0213epiceriesalee.png" alt="La promo de la semaine au rayon &eacute;picerie sal&eacute;e" title="La promo de la semaine au rayon &eacute;picerie sal&eacute;e" width="150" height="275" /></a>     
<div class="clear"></div></div><div class="clear"></div></div></div></div></li><li><a title="RR1007" href="764.html#">Petit-Déjeuner<br/>Epicerie Sucrée</a><div class="hovered_big_menu" id="4092"><div class="menu-panel"><div class="menu-listes-container float-container"><div class="menu-listes"><ul class="menu menu-horizontal menu_left"><li><h3><a title="RR2029" rel="page-484" href="../../../../id3/409/484.html">Petit-déjeuner</a></h3><ul class="menu"><li><a href="../../../../petit-d%25C3%25A9jeuner-epicerie-sucr%25C3%25A9e/petit-d%25C3%25A9jeuner/caf%25C3%25A9s,-chicor%25C3%25A9es,-chocolats/id0/710.html">Cafés, Chicorées, Chocolats</a></li><li><a href="../../../../petit-d%25C3%25A9jeuner-epicerie-sucr%25C3%25A9e/petit-d%25C3%25A9jeuner/dosettes,-capsules/id0/431984.html">Dosettes, Capsules</a></li><li><a href="../../../../petit-d%25C3%25A9jeuner-epicerie-sucr%25C3%25A9e/petit-d%25C3%25A9jeuner/th%25C3%25A9s,-infusions/id0/715.html">Thés, Infusions</a></li><li><a href="../../../../petit-d%25C3%25A9jeuner-epicerie-sucr%25C3%25A9e/petit-d%25C3%25A9jeuner/c%25C3%25A9r%25C3%25A9ales/id0/709.html">Céréales</a></li><li><a href="../../../../petit-d%25C3%25A9jeuner-epicerie-sucr%25C3%25A9e/petit-d%25C3%25A9jeuner/biscottes,-tartines/id0/708.html">Biscottes, Tartines</a></li><li><a href="../../../../petit-d%25C3%25A9jeuner-epicerie-sucr%25C3%25A9e/petit-d%25C3%25A9jeuner/pains-et-viennoiseries/id0/716.html">Pains et Viennoiseries</a></li><li><a href="../../../../petit-d%25C3%25A9jeuner-epicerie-sucr%25C3%25A9e/petit-d%25C3%25A9jeuner/confitures,-miels,-p%25C3%25A2tes-%25C3%25A0-tartiner/id0/712.html">Confitures, Miels, Pâtes à Tartiner</a></li><li><a href="../../../../petit-d%25C3%25A9jeuner-epicerie-sucr%25C3%25A9e/petit-d%25C3%25A9jeuner/jus-de-fruits/id0/713.html">Jus de Fruits</a></li><li><a href="../../../../petit-d%25C3%25A9jeuner-epicerie-sucr%25C3%25A9e/petit-d%25C3%25A9jeuner/laits/id0/714.html">Laits</a></li></ul></li><li><h3><a title="RR2026" rel="page-483" href="../../../../id3/409/483.html">Biscuits, Goûters</a></h3><ul class="menu"><li><a href="../../../../petit-d%25C3%25A9jeuner-epicerie-sucr%25C3%25A9e/biscuits,-go%25C3%25BBters/biscuits/id0/693.html">Biscuits</a></li><li><a href="../../../../petit-d%25C3%25A9jeuner-epicerie-sucr%25C3%25A9e/biscuits,-go%25C3%25BBters/go%25C3%25BBters/id0/431989.html">Goûters </a></li><li><a href="../../../../petit-d%25C3%25A9jeuner-epicerie-sucr%25C3%25A9e/biscuits,-go%25C3%25BBters/p%25C3%25A2tisseries/id0/696.html">Pâtisseries</a></li></ul></li><li><h3><a title="RR2027" rel="page-485" href="../../../../id3/409/485.html">Chocolats, Confiseries</a></h3><ul class="menu"><li><a href="../../../../petit-d%25C3%25A9jeuner-epicerie-sucr%25C3%25A9e/chocolats,-confiseries/tablettes-de-chocolat/id0/701.html">Tablettes de Chocolat</a></li><li><a href="../../../../petit-d%25C3%25A9jeuner-epicerie-sucr%25C3%25A9e/chocolats,-confiseries/confiseries-chocolat%25C3%25A9es/id0/698.html">Confiseries Chocolatées</a></li><li><a href="../../../../petit-d%25C3%25A9jeuner-epicerie-sucr%25C3%25A9e/chocolats,-confiseries/bonbons/id0/699.html">Bonbons</a></li><li><a href="../../../../petit-d%25C3%25A9jeuner-epicerie-sucr%25C3%25A9e/chocolats,-confiseries/chewing-gum/id0/700.html">Chewing Gum</a></li><li><a href="../../../../petit-d%25C3%25A9jeuner-epicerie-sucr%25C3%25A9e/chocolats,-confiseries/petite-confiserie/id0/702.html">Petite Confiserie</a></li></ul></li><li><h3><a title="RR2028" rel="page-486" href="../../../../id3/409/486.html">Desserts, Ingrédients</a></h3><ul class="menu"><li><a href="../../../../petit-d%25C3%25A9jeuner-epicerie-sucr%25C3%25A9e/desserts,-ingr%25C3%25A9dients/sucres,-farines,-levures/id0/706.html">Sucres, Farines, Levures</a></li><li><a href="../../../../petit-d%25C3%25A9jeuner-epicerie-sucr%25C3%25A9e/desserts,-ingr%25C3%25A9dients/compotes,-cr%25C3%25A8mes/id0/704.html">Compotes, Crèmes</a></li><li><a href="../../../../petit-d%25C3%25A9jeuner-epicerie-sucr%25C3%25A9e/desserts,-ingr%25C3%25A9dients/desserts-%25C3%25A0-pr%25C3%25A9parer/id0/703.html">Desserts à Préparer</a></li><li><a href="../../../../petit-d%25C3%25A9jeuner-epicerie-sucr%25C3%25A9e/desserts,-ingr%25C3%25A9dients/fruits-au-sirop/id0/705.html">Fruits au Sirop</a></li><li><a href="../../../../petit-d%25C3%25A9jeuner-epicerie-sucr%25C3%25A9e/desserts,-ingr%25C3%25A9dients/aides-%25C3%25A0-la-p%25C3%25A2tisserie/id0/707.html">Aides à la Pâtisserie</a></li></ul></li><li><h3><a title="Bien Etre, Forme" rel="page-431988" href="../../../../id3/409/431988.html">Bien Etre, Forme</a></h3><ul class="menu"><li><a href="../../../../petit-d%25C3%25A9jeuner-epicerie-sucr%25C3%25A9e/bien-etre,-forme/petit-d%25C3%25A9jeuner/id0/431990.html">Petit Déjeuner</a></li><li><a href="../../../../petit-d%25C3%25A9jeuner-epicerie-sucr%25C3%25A9e/bien-etre,-forme/biscuits,-go%25C3%25BBters/id0/431991.html">Biscuits, Goûters</a></li><li><a href="../../../../petit-d%25C3%25A9jeuner-epicerie-sucr%25C3%25A9e/bien-etre,-forme/compl%25C3%25A9ments-alimentaires/id0/431992.html">Compléments alimentaires</a></li><li><a href="../../../../petit-d%25C3%25A9jeuner-epicerie-sucr%25C3%25A9e/bien-etre,-forme/sans-gluten/id0/431993.html">Sans gluten</a></li></ul></li></ul><?xml version="1.0" encoding="UTF-8"?><a href="http://www.refonte.auchandirect.fr/rayon/511864"><img src="http://www.refonte.auchandirect.fr/static/epiceriesucree.jpg" alt="Accordez-vous une pause sucr&eacute;e !" title="Accordez-vous une pause sucr&eacute;e !" width="150" height="275" /></a>    
<div class="clear"></div></div><div class="clear"></div></div></div></div></li><li><a title="RR1008" href="764.html#">Boissons</a><div class="hovered_big_menu" id="4112"><div class="menu-panel"><div class="menu-listes-container float-container"><div class="menu-listes"><ul class="menu menu-horizontal menu_left"><li><h3><a title="RR2030" rel="page-478" href="../../../../id3/411/478.html">Eaux</a></h3><ul class="menu"><li><a href="../../../../boissons/eaux/eaux-plates/id0/667.html">Eaux plates</a></li><li><a href="../../../../boissons/eaux/eaux-gazeuses/id0/663.html">Eaux gazeuses</a></li><li><a href="../../../../boissons/eaux/eaux-aromatis%25C3%25A9es/id0/666.html">Eaux aromatisées</a></li></ul></li><li><h3><a title="RR2031" rel="page-476" href="../../../../id3/411/476.html">Jus, Softs</a></h3><ul class="menu"><li><a href="../../../../boissons/jus,-softs/jus-de-fruits,-l%25C3%25A9gumes/id0/672.html">Jus de fruits, Légumes</a></li><li><a href="../../../../boissons/jus,-softs/jus-de-fruits-frais/id0/433470.html">Jus de fruits frais</a></li><li><a href="../../../../boissons/jus,-softs/colas,-boissons-gazeuses/id0/671.html">Colas, Boissons gazeuses</a></li><li><a href="../../../../boissons/jus,-softs/boissons-aromatis%25C3%25A9es,-sirops/id0/670.html">Boissons aromatisées, Sirops</a></li><li><a href="../../../../boissons/jus,-softs/energ%25C3%25A9tiques,-sports/id0/431982.html">Energétiques, Sports</a></li></ul></li><li><h3><a title="RR2058" rel="page-506" href="../../../../id3/411/506.html">Vins et Champagnes</a></h3><ul class="menu"><li><a href="../../../../boissons/vins-et-champagnes/vins-rouges/id0/822.html">Vins rouges</a></li><li><a href="../../../../boissons/vins-et-champagnes/vins-blancs/id0/819.html">Vins blancs</a></li><li><a href="../../../../boissons/vins-et-champagnes/vins-ros%25C3%25A9s/id0/821.html">Vins rosés</a></li><li><a href="../../../../boissons/vins-et-champagnes/champagnes-et-vins-p%25C3%25A9tillants/id0/818.html">Champagnes et vins pétillants</a></li></ul></li><li><h3><a title="RR3373" rel="page-445712" href="../../../../id3/411/445712.html">Produits Salés Apéritifs</a></h3><ul class="menu"><li><a href="../../../../boissons/produits-sal%25C3%25A9s-ap%25C3%25A9ritifs/chips,-tuiles/id0/445713.html">Chips, Tuiles</a></li><li><a href="../../../../boissons/produits-sal%25C3%25A9s-ap%25C3%25A9ritifs/cacahu%25C3%25A8tes,-autres-graines/id0/445714.html">Cacahuètes, Autres Graines</a></li><li><a href="../../../../boissons/produits-sal%25C3%25A9s-ap%25C3%25A9ritifs/biscuits-sal%25C3%25A9s,-souffl%25C3%25A9s/id0/445715.html">Biscuits Salés, Soufflés</a></li><li><a href="../../../../boissons/produits-sal%25C3%25A9s-ap%25C3%25A9ritifs/autres-produits-ap%25C3%25A9ritifs/id0/445716.html">Autres Produits Apéritifs</a></li></ul></li><li><h3><a title="RR2032" rel="page-475" href="../../../../id3/411/475.html">Apéritifs, Digestifs</a></h3><ul class="menu"><li><a href="../../../../boissons/ap%25C3%25A9ritifs,-digestifs/whiskies/id0/661.html">Whiskies</a></li><li><a href="../../../../boissons/ap%25C3%25A9ritifs,-digestifs/ap%25C3%25A9ritifs,-anis%25C3%25A9s/id0/662.html">Apéritifs, Anisés</a></li><li><a href="../../../../boissons/ap%25C3%25A9ritifs,-digestifs/digestifs/id0/658.html">Digestifs</a></li><li><a href="../../../../boissons/ap%25C3%25A9ritifs,-digestifs/autres-alcools/id0/431962.html">Autres alcools</a></li><li><a href="../../../../boissons/ap%25C3%25A9ritifs,-digestifs/sans-alcool/id0/431963.html">Sans alcool</a></li></ul></li><li><h3><a title="RR2033" rel="page-474" href="../../../../id3/411/474.html">Bières, Cidres</a></h3><ul class="menu"><li><a href="../../../../boissons/bi%25C3%25A8res,-cidres/bi%25C3%25A8res/id0/664.html">Bières</a></li><li><a href="../../../../boissons/bi%25C3%25A8res,-cidres/cidres/id0/665.html">Cidres</a></li></ul></li></ul><?xml version="1.0" encoding="UTF-8"?><a href="http://www.refonte.auchandirect.fr/rayon/422512"><img src="http://www.refonte.auchandirect.fr/static/S0113_boissonscondi.jpg" alt="Pour vos boissons, pensez gros conditionnement !" title="Pour vos boissons, pensez gros conditionnement !" width="150" height="275" /></a>     
<div class="clear"></div></div><div class="clear"></div></div></div></div></li><li><a title="RR1012" href="764.html#">Bébé</a><div class="hovered_big_menu" id="4102"><div class="menu-panel"><div class="menu-listes-container float-container"><div class="menu-listes"><ul class="menu menu-horizontal menu_left"><li><h3><a title="RR2048" rel="page-490" href="../../../../id3/410/490.html">Couches, Culottes</a></h3><ul class="menu"><li><a href="../../../../b%25C3%25A9b%25C3%25A9/couches,-culottes/nouveau-n%25C3%25A9s/id0/718.html">Nouveau-nés</a></li><li><a href="../../../../b%25C3%25A9b%25C3%25A9/couches,-culottes/3-9-kg/id0/721.html">3-9 kg</a></li><li><a href="../../../../b%25C3%25A9b%25C3%25A9/couches,-culottes/7-20-kg/id0/717.html">7-20 kg</a></li><li><a href="../../../../b%25C3%25A9b%25C3%25A9/couches,-culottes/11-35-kg/id0/719.html">11-35 kg</a></li><li><a href="../../../../b%25C3%25A9b%25C3%25A9/couches,-culottes/culottes/id0/720.html">Culottes</a></li></ul></li><li><h3><a title="RR2047" rel="page-487" href="../../../../id3/410/487.html">Laits bébé</a></h3><ul class="menu"><li><a href="../../../../b%25C3%25A9b%25C3%25A9/laits-b%25C3%25A9b%25C3%25A9/croissance/id0/725.html">Croissance</a></li><li><a href="../../../../b%25C3%25A9b%25C3%25A9/laits-b%25C3%25A9b%25C3%25A9/laits-1er-age/id0/722.html">Laits 1er Age</a></li><li><a href="../../../../b%25C3%25A9b%25C3%25A9/laits-b%25C3%25A9b%25C3%25A9/laits-2%25C3%25A8me-age/id0/723.html">Laits 2ème Age</a></li><li><a href="../../../../b%25C3%25A9b%25C3%25A9/laits-b%25C3%25A9b%25C3%25A9/laits-infantiles-bio/id0/724.html">Laits Infantiles Bio</a></li></ul></li><li><h3><a title="RR2046" rel="page-488" href="../../../../id3/410/488.html">Alimentation bébé</a></h3><ul class="menu"><li><a href="../../../../b%25C3%25A9b%25C3%25A9/alimentation-b%25C3%25A9b%25C3%25A9/petit-d%25C3%25A9jeuner/id0/727.html">Petit-déjeuner</a></li><li><a href="../../../../b%25C3%25A9b%25C3%25A9/alimentation-b%25C3%25A9b%25C3%25A9/petits-pots,-assiettes/id0/729.html">Petits Pots, Assiettes</a></li><li><a href="../../../../b%25C3%25A9b%25C3%25A9/alimentation-b%25C3%25A9b%25C3%25A9/go%25C3%25BBters,-desserts/id0/730.html">Goûters, Desserts</a></li><li><a href="../../../../b%25C3%25A9b%25C3%25A9/alimentation-b%25C3%25A9b%25C3%25A9/boissons/id0/728.html">Boissons</a></li><li><a href="../../../../b%25C3%25A9b%25C3%25A9/alimentation-b%25C3%25A9b%25C3%25A9/alimentation-b%25C3%25A9b%25C3%25A9-bio/id0/726.html">Alimentation Bébé Bio</a></li></ul></li><li><h3><a title="RR2049" rel="page-489" href="../../../../id3/410/489.html">Toilette et Soin</a></h3><ul class="menu"><li><a href="../../../../b%25C3%25A9b%25C3%25A9/toilette-et-soin/cotons,-lingettes/id0/731.html">Cotons, Lingettes</a></li><li><a href="../../../../b%25C3%25A9b%25C3%25A9/toilette-et-soin/toilette/id0/732.html">Toilette</a></li><li><a href="../../../../b%25C3%25A9b%25C3%25A9/toilette-et-soin/soins/id0/733.html">Soins</a></li><li><a href="../../../../b%25C3%25A9b%25C3%25A9/toilette-et-soin/accessoires-de-pu%25C3%25A9riculture/id0/736.html">Accessoires de Puériculture</a></li><li><a href="../../../../b%25C3%25A9b%25C3%25A9/toilette-et-soin/pour-la-maman/id0/734.html">Pour la Maman</a></li></ul></li></ul><?xml version="1.0" encoding="UTF-8"?><a href="http://www.refonte.auchandirect.fr/rayon/112962"><img src="http://www.refonte.auchandirect.fr/static/S0213bebe.jpg" alt="Auchan Baby r&eacute;gale les b&eacute;b&eacute;s" title="Auchan Baby r&eacute;gale les b&eacute;b&eacute;s" width="150" height="275" /></a>    
<div class="clear"></div></div><div class="clear"></div></div></div></div></li><li><a title="RR1001" href="764.html#">Bio<br/>Ecolo</a><div class="hovered_big_menu" id="4052"><div class="menu-panel"><div class="menu-listes-container float-container"><div class="menu-listes"><ul class="menu menu-horizontal menu_left"><li><h3><a title="RR2002" rel="page-456" href="../../../../id3/405/456.html">Produits Frais et Surgelés Bio</a></h3><ul class="menu"><li><a href="../../../../bio-ecolo/produits-frais-et-surgel%25C3%25A9s-bio/charcuterie,-traiteur/id0/575.html">Charcuterie,  Traiteur</a></li><li><a href="../../../../bio-ecolo/produits-frais-et-surgel%25C3%25A9s-bio/fruits,-l%25C3%25A9gumes/id0/574.html">Fruits,  Légumes</a></li><li><a href="../../../../bio-ecolo/produits-frais-et-surgel%25C3%25A9s-bio/laitages,-oeufs/id0/576.html">Laitages, Oeufs</a></li><li><a href="../../../../bio-ecolo/produits-frais-et-surgel%25C3%25A9s-bio/surgel%25C3%25A9s/id0/577.html">Surgelés</a></li><li><a href="../../../../bio-ecolo/produits-frais-et-surgel%25C3%25A9s-bio/viandes,-volailles,-poissons/id0/578.html">Viandes,  Volailles,  Poissons</a></li></ul></li><li><h3><a title="RR2003" rel="page-458" href="../../../../id3/405/458.html">Epicerie Bio</a></h3><ul class="menu"><li><a href="../../../../bio-ecolo/epicerie-bio/biscuits,-epicerie-sucr%25C3%25A9e/id0/567.html">Biscuits,  Epicerie Sucrée</a></li><li><a href="../../../../bio-ecolo/epicerie-bio/petit-d%25C3%25A9jeuner/id0/573.html">Petit-déjeuner</a></li><li><a href="../../../../bio-ecolo/epicerie-bio/conserves,-plats-cuisin%25C3%25A9s/id0/565.html">Conserves,  Plats Cuisinés</a></li><li><a href="../../../../bio-ecolo/epicerie-bio/p%25C3%25A2tes,-riz,-c%25C3%25A9r%25C3%25A9ales/id0/570.html">Pâtes,  Riz,  Céréales</a></li><li><a href="../../../../bio-ecolo/epicerie-bio/sauces,-condiments/id0/572.html">Sauces,  Condiments</a></li></ul></li><li><h3><a title="RR2004" rel="page-455" href="../../../../id3/405/455.html">Boissons Bio</a></h3><ul class="menu"><li><a href="../../../../bio-ecolo/boissons-bio/alcools/id0/554.html">Alcools</a></li><li><a href="../../../../bio-ecolo/boissons-bio/jus-de-fruits,-l%25C3%25A9gumes/id0/557.html">Jus de Fruits,  Légumes</a></li><li><a href="../../../../bio-ecolo/boissons-bio/lait,-soja,-riz/id0/563.html">Lait,  Soja, riz</a></li></ul></li><li><h3><a title="RR2001" rel="page-454" href="../../../../id3/405/454.html">Bébé Bio</a></h3><ul class="menu"><li><a href="../../../../bio-ecolo/b%25C3%25A9b%25C3%25A9-bio/alimentation-b%25C3%25A9b%25C3%25A9/id0/558.html">Alimentation Bébé</a></li><li><a href="../../../../bio-ecolo/b%25C3%25A9b%25C3%25A9-bio/laits-b%25C3%25A9b%25C3%25A9/id0/556.html">Laits Bébé</a></li><li><a href="../../../../bio-ecolo/b%25C3%25A9b%25C3%25A9-bio/toilette,-soins/id0/555.html">Toilette, Soins</a></li></ul></li><li><h3><a title="RR2005" rel="page-457" href="../../../../id3/405/457.html">Entretien,  Hygiène Bio Ecolo</a></h3><ul class="menu"><li><a href="../../../../bio-ecolo/entretien,-hygi%25C3%25A8ne-bio-ecolo/entretien/id0/559.html">Entretien</a></li><li><a href="../../../../bio-ecolo/entretien,-hygi%25C3%25A8ne-bio-ecolo/soins-de-la-personne/id0/562.html">Soins de la Personne</a></li><li><a href="../../../../bio-ecolo/entretien,-hygi%25C3%25A8ne-bio-ecolo/piles,-ampoules/id0/564.html">Piles, Ampoules</a></li></ul></li></ul><?xml version="1.0" encoding="UTF-8"?><a href="http://www.refonte.auchandirect.fr/rayon/82018"><img src="http://www.refonte.auchandirect.fr/static/150x275_bio.jpg" alt="" width="150" height="275" /></a>   
<div class="clear"></div></div><div class="clear"></div></div></div></div></li><li><a title="RR1010" href="764.html#">Hygiène<br/>Beauté</a><div class="hovered_big_menu" id="4122"><div class="menu-panel"><div class="menu-listes-container float-container"><div class="menu-listes"><ul class="menu menu-horizontal menu_left"><li><h3><a title="RR2038" rel="page-492" href="../../../../id3/412/492.html">Corps</a></h3><ul class="menu"><li><a href="../../../corps/douche,-bain/id0/746.html">Douche, Bain</a></li><li><a href="../../../corps/savons/id0/748.html">Savons</a></li><li><a href="../../../corps/d%25C3%25A9odorants/id0/744.html">Déodorants</a></li><li><a href="../../../corps/cr%25C3%25A8mes,-soins-du-corps/id0/745.html">Crèmes, Soins du Corps</a></li><li><a href="../../../corps/soins-mains,-pieds/id0/751.html">Soins Mains, Pieds</a></li><li><a href="../../../corps/epilation-f%25C3%25A9minine/id0/750.html">Epilation Féminine</a></li><li><a href="../../../corps/hygi%25C3%25A8ne-intime/id0/749.html">Hygiène intime</a></li><li><a href="../../../corps/solaires/id0/754.html">Solaires</a></li></ul></li><li><h3><a title="RR2037" rel="page-491" href="../../../../id3/412/491.html">Cheveux</a></h3><ul class="menu"><li><a href="../../../cheveux/shampooings/id0/743.html">Shampooings</a></li><li><a href="../../../cheveux/apr%25C3%25A8s-shampooings/id0/738.html">Après shampooings</a></li><li><a href="../../../cheveux/masques,-soins-capillaires/id0/741.html">Masques, Soins Capillaires</a></li><li><a href="../../../cheveux/coiffants/id0/740.html">Coiffants</a></li></ul></li><li><h3><a title="RR2036" rel="page-493" href="../../../../id3/412/493.html">Visage</a></h3><ul class="menu"><li><a href="../../cotons,-lingettes/id0/761.html">Cotons, Lingettes</a></li><li><a href="../../toilette-du-visage/id0/766.html">Toilette du Visage</a></li><li><a href="764.html">Soins Dentaires</a></li><li><a href="../../soins-du-visage/id0/767.html">Soins du Visage</a></li><li><a href="../../maquillage/id0/765.html">Maquillage</a></li></ul></li><li><h3><a title="Hommes" rel="page-433468" href="../../../../id3/412/433468.html">Hommes</a></h3><ul class="menu"><li><a href="../../../hommes/rasage,-soins-hommes/id0/763.html">Rasage, Soins Hommes</a></li><li><a href="../../../hommes/cheveux/id0/739.html">Cheveux</a></li><li><a href="../../../hommes/douche,-bain/id0/747.html">Douche, Bain</a></li><li><a href="../../../hommes/d%25C3%25A9odorants/id0/1707.html">Déodorants</a></li></ul></li><li><h3><a title="RR2040" rel="page-494" href="../../../../id3/412/494.html">Papier, Parapharmacie</a></h3><ul class="menu"><li><a href="../../../papier,-parapharmacie/papiers-toilette/id0/753.html">Papiers toilette</a></li><li><a href="../../../papier,-parapharmacie/essuie-tout/id0/752.html">Essuie-tout</a></li><li><a href="../../../papier,-parapharmacie/mouchoirs/id0/756.html">Mouchoirs</a></li><li><a href="../../../papier,-parapharmacie/parapharmacie/id0/495.html">Parapharmacie</a></li><li><a href="../../../papier,-parapharmacie/solaires/id0/759.html">Solaires</a></li></ul></li></ul><?xml version="1.0" encoding="UTF-8"?><a href="../../../../detailProduit/-1/LV0000002179.html"><img src="http://www.refonte.auchandirect.fr/static/S0113_hygiene.jpg" alt="La promo de la semaine au rayon hygiene beaut&eacute;" title="La promo de la semaine au rayon hygiene beaut&eacute;" width="150" height="275" /></a>    
<div class="clear"></div></div><div class="clear"></div></div></div></div></li><li><a title="RR1011" href="764.html#">Entretien</a><div class="hovered_big_menu" id="4142"><div class="menu-panel"><div class="menu-listes-container float-container"><div class="menu-listes"><ul class="menu menu-horizontal menu_left"><li><h3><a title="RR2045" rel="page-499" href="../../../../id3/414/499.html">Papiers</a></h3><ul class="menu"><li><a href="../../../../entretien/papiers/essuies-tout/id0/775.html">Essuies tout</a></li><li><a href="../../../../entretien/papiers/mouchoirs/id0/774.html">Mouchoirs</a></li><li><a href="../../../../entretien/papiers/papiers-toilette/id0/776.html">Papiers toilette</a></li></ul></li><li><h3><a title="RR2041" rel="page-500" href="../../../../id3/414/500.html">Soin du Linge</a></h3><ul class="menu"><li><a href="../../../../entretien/soin-du-linge/lessives/id0/792.html">Lessives</a></li><li><a href="../../../../entretien/soin-du-linge/assouplissants/id0/790.html">Assouplissants</a></li><li><a href="../../../../entretien/soin-du-linge/aides-au-lavage/id0/788.html">Aides au Lavage</a></li></ul></li><li><h3><a title="RR2043" rel="page-497" href="../../../../id3/414/497.html">Produits ménagers</a></h3><ul class="menu"><li><a href="../../../../entretien/produits-m%25C3%25A9nagers/cuisine,-salle-de-bain,-javel/id0/778.html">Cuisine, Salle de bain, Javel</a></li><li><a href="../../../../entretien/produits-m%25C3%25A9nagers/multi-usages/id0/784.html">Multi-usages</a></li><li><a href="../../../../entretien/produits-m%25C3%25A9nagers/lingettes-nettoyantes/id0/780.html">Lingettes Nettoyantes</a></li><li><a href="../../../../entretien/produits-m%25C3%25A9nagers/sols/id0/785.html">Sols</a></li><li><a href="../../../../entretien/produits-m%25C3%25A9nagers/vitres,-meubles/id0/787.html">Vitres, Meubles</a></li><li><a href="../../../../entretien/produits-m%25C3%25A9nagers/wc,-d%25C3%25A9boucheurs/id0/789.html">WC, Déboucheurs</a></li><li><a href="../../../../entretien/produits-m%25C3%25A9nagers/produits-ecolo/id0/786.html">Produits Ecolo</a></li></ul></li><li><h3><a title="RR2042" rel="page-496" href="../../../../id3/414/496.html">Vaisselle</a></h3><ul class="menu"><li><a href="../../../../entretien/vaisselle/lavage-en-machine/id0/793.html">Lavage en Machine</a></li><li><a href="../../../../entretien/vaisselle/liquides-vaisselle/id0/795.html">Liquides Vaisselle</a></li><li><a href="../../../../entretien/vaisselle/gants,-eponges/id0/794.html">Gants, Eponges</a></li></ul></li><li><h3><a title="RR2044" rel="page-498" href="../../../../id3/414/498.html">Cuisine</a></h3><ul class="menu"><li><a href="../../../../entretien/cuisine/sacs-poubelle/id0/773.html">Sacs Poubelle</a></li><li><a href="../../../../entretien/cuisine/aides-%25C3%25A0-la-conservation,-cuisson/id0/768.html">Aides à la Conservation, Cuisson</a></li><li><a href="../../../../entretien/cuisine/bo%25C3%25AEtes-herm%25C3%25A9tiques,-vaisselle-jetable/id0/770.html">Boîtes Hermétiques, Vaisselle Jetable</a></li><li><a href="../../../../entretien/cuisine/ustensiles-de-cuisine,-filtres-%25C3%25A0-caf%25C3%25A9/id0/769.html">Ustensiles de cuisine, Filtres à café</a></li><li><a href="../../../../entretien/cuisine/gants,-eponges/id0/772.html">Gants, Eponges</a></li></ul></li></ul><?xml version="1.0" encoding="UTF-8"?><a href="http://www.refonte.auchandirect.fr/rayon/511866"><img src="http://www.refonte.auchandirect.fr/static/S0113_entretien.jpg" alt="Tout pour la maison" title="Tout pour la maison" width="150" height="275" /></a>    
<div class="clear"></div></div><div class="clear"></div></div></div></div></li><li><a title="RR1013" href="764.html#">Animaux<br/>Maison</a><div class="hovered_big_menu" id="4152"><div class="menu-panel"><div class="menu-listes-container float-container"><div class="menu-listes"><ul class="menu menu-horizontal menu_left"><li><h3><a title="RR2051" rel="page-501" href="../../../../id3/415/501.html">Animaux</a></h3><ul class="menu"><li><a href="../../../../animaux-maison/animaux/chats/id0/797.html">Chats</a></li><li><a href="../../../../animaux-maison/animaux/chiens/id0/798.html">Chiens</a></li><li><a href="../../../../animaux-maison/animaux/rongeurs---autres-animaux/id0/796.html">Rongeurs - Autres animaux</a></li></ul></li><li><h3><a title="RR2054" rel="page-503" href="../../../../id3/415/503.html">Droguerie</a></h3><ul class="menu"><li><a href="../../../../animaux-maison/droguerie/d%25C3%25A9sodorisants/id0/802.html">Désodorisants</a></li><li><a href="../../../../animaux-maison/droguerie/bougies,-allumettes/id0/799.html">Bougies, Allumettes</a></li><li><a href="../../../../animaux-maison/droguerie/insecticides/id0/803.html">Insecticides</a></li><li><a href="../../../../animaux-maison/droguerie/cirages/id0/801.html">Cirages</a></li></ul></li><li><h3><a title="RR2055" rel="page-505" href="../../../../id3/415/505.html">Maison pratique</a></h3><ul class="menu"><li><a href="../../../../animaux-maison/maison-pratique/accessoires-cuisine/id0/804.html">Accessoires Cuisine</a></li><li><a href="../../../../animaux-maison/maison-pratique/ampoules,-piles/id0/806.html">Ampoules, Piles</a></li><li><a href="../../../../animaux-maison/maison-pratique/allumettes/id0/808.html">Allumettes</a></li><li><a href="../../../../animaux-maison/maison-pratique/divers/id0/805.html">Divers</a></li></ul></li><li><h3><a title="RR2056" rel="page-504" href="../../../../id3/415/504.html">Papeterie</a></h3><ul class="menu"><li><a href="../../../../animaux-maison/papeterie/ecriture/id0/813.html">Ecriture</a></li><li><a href="../../../../animaux-maison/papeterie/papiers,-cahiers/id0/812.html">Papiers, Cahiers</a></li><li><a href="../../../../animaux-maison/papeterie/cartouches-imprimantes/id0/809.html">Cartouches imprimantes</a></li></ul></li><li><h3><a title="RR2052" rel="page-502" href="../../../../id3/415/502.html">Textile</a></h3><ul class="menu"><li><a href="../../../../animaux-maison/textile/collants,-leggings/id0/815.html">Collants, Leggings</a></li><li><a href="../../../../animaux-maison/textile/bas,-mi-bas/id0/814.html">Bas, Mi-bas</a></li></ul></li></ul><?xml version="1.0" encoding="UTF-8"?><a href="../../../../animaux-maison/animaux/liti%25C3%25A8re-compacte-hyper-absorbante/id1/501/23329.html"><img src="http://www.refonte.auchandirect.fr/static/S0113_animaux.jpg" alt="La promo des animaux" title="La promo des animaux" width="150" height="275" /></a>    
<div class="clear"></div></div><div class="clear"></div></div></div></div></li><li><a title="titre Boutiques" rel="page-boutiques" href="764.html#">Boutiques</a><div class="hovered_big_menu" id="4152"><div class="menu-panel"><div class="menu-listes-container float-container"><?xml version="1.0" encoding="UTF-8"?><div class="boutique-cont" style="background: none repeat scroll 0% 0% #ffffff; border-radius: 8px 8px 8px 8px; padding: 5px">
<div class="promo-moment" style="width: 590px; margin: 0px 0px 10px; float: left">
<h1>&Agrave; ne pas rater en ce moment</h1>
<ul>
	<li style="padding: 0px 12px; margin: 17px 0px">	
	<a style="background: none repeat scroll 0% 0% transparent ! important; border-left: medium none ! important; margin: 0px ! important; height: auto" href="http://www.refonte.auchandirect.fr/rayon/510514"><img src="http://www.refonte.auchandirect.fr/static/produitsfestifs.jpg" alt="Destockage!" /></a>	
	<h2>Destockage sur les produits festifs !</h2>	
	<p>
	Jusqu'&agrave; -50% vous attendent sur une selection de produits festifs...	
	</p>
	<a href="http://www.refonte.auchandirect.fr/rayon/510514">&gt;&gt; Voir les offres</a>	</li>	
	<li style="padding: 0px 12px; margin: 17px 0px"><a style="background: none repeat scroll 0% 0% transparent ! important; border-left: medium none ! important; margin: 0px ! important; height: auto" href="../../../../rayon.customerinfos.minibasket.validatebasket%3Ft:ac=promos.html"><img src="http://www.refonte.auchandirect.fr/static/promos2013.gif" alt="Bonne Ann&eacute;e!" /> 	</a>	
	<h2>Bonne Ann&eacute;e !</h2>	
	<p>
	Retrouvez les premi&egrave;res promotions de l'ann&eacute;e...	
	</p>
	<a href="../../../../rayon.customerinfos.minibasket.validatebasket%3Ft:ac=promos.html">&gt;&gt; Voir les offres</a>	</li>
</ul>
</div>
<div class="produits-a-decouvrir" style="float: right; margin: 0px 0px 10px">
<h2 style="color: #ffffff; background: none repeat scroll 0% 0% #ff7f1e; border-radius: 6px 6px 0px 0px">Je ma&icirc;trise mon budget</h2>
<ul>
	<li class="first-bord" style="float: left; border-top: 1px solid #ff7f1e ! important; padding-left: 9px">	<a style="background: none repeat scroll 0% 0% transparent ! important; border-left: medium none ! important; padding: 0px; margin: 0px ! important; float: left" href="http://www.refonte.auchandirect.fr/rayon/471412"><img src="http://www.refonte.auchandirect.fr/static/produitsauchan2.gif" alt="Produits Auchan" /></a>  	
	<div class="infos">
	<h3 style="font-size: 1.2em">Produits Auchan</h3>	
	<p style="font-size: 12px">
	Retrouvez une s&eacute;lection de pr&egrave;s de 100 produits Auchan du quotidien &agrave; petit prix	
	</p>
	<a style="border: medium none ! important; padding-left: 0px ! important" href="http://www.refonte.auchandirect.fr/rayon/471412">&gt;&gt; 	Parcourir</a>	
	</div>
	</li>	
	<li style="float: left; padding-left: 9px">	
	<a style="background: none repeat scroll 0% 0% transparent ! important; border-left: medium none ! important; padding: 0px; margin: 0px ! important; float: left" href="http://www.refonte.auchandirect.fr/rayon/82018"><img src="http://www.refonte.auchandirect.fr/static/bio1euro.gif" alt="Bioa1euro" /></a>
	<div class="infos">
	<h3 style="font-size: 1.2em">Le bio &agrave; moins d' 1 euro</h3>
	<p style="font-size: 12px">
	Restez bio toute l'ann&eacute;e sans vous ruiner !<a style="border: medium none ! important; padding-left: 0px ! important" href="http://www.refonte.auchandirect.fr/rayon/82018">&gt;&gt; D&eacute;couvrir</a>	
	</p>
	</div>
	</li>	
	<li style="float: left; padding-left: 9px">	<a style="background: none repeat scroll 0% 0% transparent ! important; border-left: medium none ! important; padding: 0px; margin: 0px ! important; float: left"><img src="http://www.refonte.auchandirect.fr/static/riketrok.gif" alt="Rik et Rok" /></a>	
	<div class="infos">
	<h3 style="font-size: 1.2em">Rik&amp;Rok</h3>	
	<p style="font-size: 12px">
	La gamme ludique et savoureuse pour le plus grand bonheur de vos enfants !	
	</p>
	<a style="border: medium none ! important; padding-left: 0px ! important" href="http://www.refonte.auchandirect.fr/rayon/562314">&gt;&gt; D&eacute;couvrir</a>	
	</div>
	</li>
</ul>
</div>
<div class="promo-bottom" style="margin: 0px ! important; overflow: hidden">
<a style="background: none repeat scroll 0% 0% transparent ! important; border-left: medium none ! important; padding: 0px; margin: 0px ! important; float: left" href="http://auchandirect.photobox.fr/content/private-sales?cid=banvpi012013"><img src="http://www.refonte.auchandirect.fr/static/photobox.jpg" alt="Auchan direct photo" /></a>
<h1 style="width: 440px">Jusqu'au 13 Janvier minuit retrouvez nos offres priv&eacute;es :<span> jusqu'&agrave; -70% !</span></h1>
<a style="border: medium none ! important" href="http://auchandirect.photobox.fr/content/private-sales?cid=banvpi012013" class="btn-offre">J'y vais !</a>
</div>
</div>
</div></div></div></li></ul></div><div><script language="javascript">
var tc_vars = new Array();
/* Partie Environnement */
tc_vars["env_template"]="Sous Rayon";
tc_vars["env_work"]="prod";
tc_vars["env_channel"]="web";
tc_vars["env_language"]="français";
tc_vars["env_country"]="France";
tc_vars["env_dnt"]="disabled";
/* Partie Users */
tc_vars["user_rcw"]="";
tc_vars["user_id"]="";
tc_vars["user_gender"]="";
tc_vars["user_category"]="";
tc_vars["user_recency"]="";
tc_vars["user_frequency"]="";
tc_vars["user_amount"]="";
tc_vars["user_smb"]="";
tc_vars["user_logged"]="0";
tc_vars["user_age"]="";
tc_vars["user_scoring"]="000";
tc_vars["user_store"]="Morangis";
tc_vars["user_postalcode"]="91420";
/* Partie Tree structure */
tc_vars["page_cat1"]="Hygiène Beauté";
tc_vars["page_cat2"]="Visage";
tc_vars["page_cat3"]="Soins Dentaires";
tc_vars["page_name"]="Courses en ligne, livraison à domicile en 24h - Auchandirect.fr";
tc_vars["page_error"]="";
/* Partie Panier */
tc_vars["order_id"]="";
tc_vars["basket_id"]="0";
tc_vars["order_amount_ati_without_sf"]="";
tc_vars["order_amount_ati_with_sf"]="";
tc_vars["order_discount_ati"]="";
tc_vars["order_ship_ati"]="";
tc_vars["order_amount_tf_without_sf"]="";
tc_vars["order_amount_tf_with_sf"]="";
tc_vars["order_discount_tf"]="";
tc_vars["order_ship_tf"]="";
tc_vars["order_newcustomer"]="";
tc_vars["order_tax"]="";
tc_vars["order_payment_methods"]="";
tc_vars["order_shipping_method"]="LAD";
tc_vars["order_status"]="";
tc_vars["order_promo_codes"]="";
tc_vars["order_currency"]="";
tc_vars["order_email"]="";
tc_vars["order_email_optin"]="";
tc_vars["order_products_number"]="0";

tc_vars["order_products"] = new Array();

/* Partie Produit */
tc_vars["product_id"]="";
tc_vars["product_id_cug"]="";
tc_vars["product_id_upsell1"]="";
tc_vars["product_id_upsell2"]="";
tc_vars["product_id_upsell3"]="";
tc_vars["product_id_crossell1"]="";
tc_vars["product_id_crossell2"]="";
tc_vars["product_id_crossell3"]="";
tc_vars["product_name"]="";
tc_vars["product_unitprice_ati"]="";
tc_vars["product_unitprice_tf"]="";
tc_vars["product_currency"]="";
tc_vars["product_trademark"]="";
tc_vars["product_url_page"]="";
tc_vars["product_url_picture"]="";
tc_vars["product_isbundle"]="";
tc_vars["product_breadcrumb_id"]="";
tc_vars["product_breadcrumb_label"]="";
tc_vars["product_rating"]="";
tc_vars["product_instock"]="";
/* Partie Liste Produit */
tc_vars["list_products"] = new Array();

tc_vars["list_products"][0] = new Array();
tc_vars["list_products"][0]["list_product_id"]="59533";
tc_vars["list_products"][0]["list_product_id_cug"]="100666";
tc_vars["list_products"][0]["list_product_id_upsell1"]="";
tc_vars["list_products"][0]["list_product_id_upsell2"]="";
tc_vars["list_products"][0]["list_product_id_upsell3"]="";
tc_vars["list_products"][0]["list_product_id_crossell1"]="";
tc_vars["list_products"][0]["list_product_id_crossell2"]="";
tc_vars["list_products"][0]["list_product_id_crossell3"]="";
tc_vars["list_products"][0]["list_product_name"]="Brosse à dents manche flexible souple";
tc_vars["list_products"][0]["list_product_unitprice_ati"]="2.18€";
tc_vars["list_products"][0]["list_product_discount_ati"]="0.00€";
tc_vars["list_products"][0]["list_product_unitprice_tf"]="2.18€";
tc_vars["list_products"][0]["list_product_currency"]="EUR";
tc_vars["list_products"][0]["list_product_trademark"]="AQUAFRESH";
tc_vars["list_products"][0]["list_product_url_page"]="http://www.refonte.auchandirect.fr/detailproduit/493/100666";
tc_vars["list_products"][0]["list_product_url_picture"]="http://www.refonte.auchandirect.fr/static/images/products/detail/100666.jpg";
tc_vars["list_products"][0]["list_product_isbundle"]="N";
tc_vars["list_products"][0]["list_product_breadcrumb_id"]="493";
tc_vars["list_products"][0]["list_product_breadcrumb_label"]="Visage";
tc_vars["list_products"][0]["list_product_rating"]="";
tc_vars["list_products"][0]["list_product_instock"]="N";
tc_vars["list_products"][0]["list_product_totalprice_tf"]="2.18€"
tc_vars["list_products"][0]["list_product_trademark"]="AQUAFRESH"

tc_vars["list_products"][1] = new Array();
tc_vars["list_products"][1]["list_product_id"]="59529";
tc_vars["list_products"][1]["list_product_id_cug"]="100669";
tc_vars["list_products"][1]["list_product_id_upsell1"]="";
tc_vars["list_products"][1]["list_product_id_upsell2"]="";
tc_vars["list_products"][1]["list_product_id_upsell3"]="";
tc_vars["list_products"][1]["list_product_id_crossell1"]="";
tc_vars["list_products"][1]["list_product_id_crossell2"]="";
tc_vars["list_products"][1]["list_product_id_crossell3"]="";
tc_vars["list_products"][1]["list_product_name"]="Brosse à dents manche flexible dure";
tc_vars["list_products"][1]["list_product_unitprice_ati"]="2.48€";
tc_vars["list_products"][1]["list_product_discount_ati"]="0.00€";
tc_vars["list_products"][1]["list_product_unitprice_tf"]="2.48€";
tc_vars["list_products"][1]["list_product_currency"]="EUR";
tc_vars["list_products"][1]["list_product_trademark"]="AQUAFRESH";
tc_vars["list_products"][1]["list_product_url_page"]="http://www.refonte.auchandirect.fr/detailproduit/493/100669";
tc_vars["list_products"][1]["list_product_url_picture"]="http://www.refonte.auchandirect.fr/static/images/products/detail/100669.jpg";
tc_vars["list_products"][1]["list_product_isbundle"]="N";
tc_vars["list_products"][1]["list_product_breadcrumb_id"]="493";
tc_vars["list_products"][1]["list_product_breadcrumb_label"]="Visage";
tc_vars["list_products"][1]["list_product_rating"]="";
tc_vars["list_products"][1]["list_product_instock"]="Y";
tc_vars["list_products"][1]["list_product_totalprice_tf"]="2.48€"
tc_vars["list_products"][1]["list_product_trademark"]="AQUAFRESH"

tc_vars["list_products"][2] = new Array();
tc_vars["list_products"][2]["list_product_id"]="54329";
tc_vars["list_products"][2]["list_product_id_cug"]="1761";
tc_vars["list_products"][2]["list_product_id_upsell1"]="";
tc_vars["list_products"][2]["list_product_id_upsell2"]="";
tc_vars["list_products"][2]["list_product_id_upsell3"]="";
tc_vars["list_products"][2]["list_product_id_crossell1"]="";
tc_vars["list_products"][2]["list_product_id_crossell2"]="";
tc_vars["list_products"][2]["list_product_id_crossell3"]="";
tc_vars["list_products"][2]["list_product_name"]="Kit de brossage avec dentifrice pour enfants";
tc_vars["list_products"][2]["list_product_unitprice_ati"]="3.96€";
tc_vars["list_products"][2]["list_product_discount_ati"]="0.00€";
tc_vars["list_products"][2]["list_product_unitprice_tf"]="3.96€";
tc_vars["list_products"][2]["list_product_currency"]="EUR";
tc_vars["list_products"][2]["list_product_trademark"]="AQUAFRESH";
tc_vars["list_products"][2]["list_product_url_page"]="http://www.refonte.auchandirect.fr/detailproduit/493/1761";
tc_vars["list_products"][2]["list_product_url_picture"]="http://www.refonte.auchandirect.fr/static/images/products/detail/1761.jpg";
tc_vars["list_products"][2]["list_product_isbundle"]="N";
tc_vars["list_products"][2]["list_product_breadcrumb_id"]="493";
tc_vars["list_products"][2]["list_product_breadcrumb_label"]="Visage";
tc_vars["list_products"][2]["list_product_rating"]="";
tc_vars["list_products"][2]["list_product_instock"]="Y";
tc_vars["list_products"][2]["list_product_totalprice_tf"]="3.96€"
tc_vars["list_products"][2]["list_product_trademark"]="AQUAFRESH"

tc_vars["list_products"][3] = new Array();
tc_vars["list_products"][3]["list_product_id"]="520695";
tc_vars["list_products"][3]["list_product_id_cug"]="72686";
tc_vars["list_products"][3]["list_product_id_upsell1"]="";
tc_vars["list_products"][3]["list_product_id_upsell2"]="";
tc_vars["list_products"][3]["list_product_id_upsell3"]="";
tc_vars["list_products"][3]["list_product_id_crossell1"]="";
tc_vars["list_products"][3]["list_product_id_crossell2"]="";
tc_vars["list_products"][3]["list_product_id_crossell3"]="";
tc_vars["list_products"][3]["list_product_name"]="Brosse à dents inter espaces medium";
tc_vars["list_products"][3]["list_product_unitprice_ati"]="2.40€";
tc_vars["list_products"][3]["list_product_discount_ati"]="0.00€";
tc_vars["list_products"][3]["list_product_unitprice_tf"]="2.40€";
tc_vars["list_products"][3]["list_product_currency"]="EUR";
tc_vars["list_products"][3]["list_product_trademark"]="AQUAFRESH";
tc_vars["list_products"][3]["list_product_url_page"]="http://www.refonte.auchandirect.fr/detailproduit/493/72686";
tc_vars["list_products"][3]["list_product_url_picture"]="http://www.refonte.auchandirect.fr/static/images/products/detail/72686.jpg";
tc_vars["list_products"][3]["list_product_isbundle"]="N";
tc_vars["list_products"][3]["list_product_breadcrumb_id"]="493";
tc_vars["list_products"][3]["list_product_breadcrumb_label"]="Visage";
tc_vars["list_products"][3]["list_product_rating"]="";
tc_vars["list_products"][3]["list_product_instock"]="N";
tc_vars["list_products"][3]["list_product_totalprice_tf"]="2.40€"
tc_vars["list_products"][3]["list_product_trademark"]="AQUAFRESH"

tc_vars["list_products"][4] = new Array();
tc_vars["list_products"][4]["list_product_id"]="59718";
tc_vars["list_products"][4]["list_product_id_cug"]="100963";
tc_vars["list_products"][4]["list_product_id_upsell1"]="";
tc_vars["list_products"][4]["list_product_id_upsell2"]="";
tc_vars["list_products"][4]["list_product_id_upsell3"]="";
tc_vars["list_products"][4]["list_product_id_crossell1"]="";
tc_vars["list_products"][4]["list_product_id_crossell2"]="";
tc_vars["list_products"][4]["list_product_id_crossell3"]="";
tc_vars["list_products"][4]["list_product_name"]="Dentifrice au fluor et calcium";
tc_vars["list_products"][4]["list_product_unitprice_ati"]="1.38€";
tc_vars["list_products"][4]["list_product_discount_ati"]="0.00€";
tc_vars["list_products"][4]["list_product_unitprice_tf"]="1.38€";
tc_vars["list_products"][4]["list_product_currency"]="EUR";
tc_vars["list_products"][4]["list_product_trademark"]="AQUAFRESH";
tc_vars["list_products"][4]["list_product_url_page"]="http://www.refonte.auchandirect.fr/detailproduit/493/100963";
tc_vars["list_products"][4]["list_product_url_picture"]="http://www.refonte.auchandirect.fr/static/images/products/detail/100963.jpg";
tc_vars["list_products"][4]["list_product_isbundle"]="N";
tc_vars["list_products"][4]["list_product_breadcrumb_id"]="493";
tc_vars["list_products"][4]["list_product_breadcrumb_label"]="Visage";
tc_vars["list_products"][4]["list_product_rating"]="";
tc_vars["list_products"][4]["list_product_instock"]="N";
tc_vars["list_products"][4]["list_product_totalprice_tf"]="1.38€"
tc_vars["list_products"][4]["list_product_trademark"]="AQUAFRESH"

/* Partie Recherche */
tc_vars["search_keywords"]="";
tc_vars["search_page_number"]="";
tc_vars["search_results_number"]="";
tc_vars["search_filters"]="";
</script><script src="http://www.refonte.auchandirect.fr/static/scripts/tc_AuchanDirect_1.js" type="text/javascript"></script><NOSCRIPT><IFRAME height="1" width="1" src="http://redirect234.tagcommander.com/utils/noscript.php?id=1&amp;mode=iframe"></IFRAME></NOSCRIPT></div><div class="float-container" id="content"><div class="top-content float-container"><div class="main-content"><div class="float-container" id="breadcrumb"><div id="breadcrumb-container"><form onsubmit="javascript:Tapestry.waitForPage(event);" action="http://www.refonte.auchandirect.fr/rayon.breadcrumbcategory.breadselectform" method="post" id="breadSelectForm" name="breadSelectForm"><div class="t-invisible"><input value="764" name="t:ac" type="hidden"></input><input value="H4sIAAAAAAAAAK1SPUgkMRSOooLYyIF2ooIWFkZXdnW9Q/zj1mbxxPEEG+FN5s0azSRjklEXwfoKe7uDA7v7aa8/C7GxUeyFawVRsFIwo4KVuotbhZf3+P7e+3VBGjc7Scc8lJX86GuEgOkk8hlYLCldpkKp2GhClS5RiIGtILUQo7G6nKNMaRTcd28UK4nSGlp08z25/i9HZ31k+6iekK249viZpf+/r8O/Jz8qxp+tCn/e9V3Lsw6loFXkpVUwLbgbWQSRYP/ev9NvpOuuntQVSQt7bljyobgKGzAgQJYGPKu5LH3aii0pOA4KVplNpUUguESqOYWErYCkAdfILA21kpYGYIFOpU6mUycLag3lRGaYjeDQINY+y+xVHPbNtP8crzDLdbJDGiz5/D4/2Xx+NAwzb9KlbM0Vi3pnyDk/HB3J+zVTVe0qhgdbL/PL+7tjj6voJp0v4hsUzoxjyL3K4INBOum7T2C2wFEEPR7aJO79etBy3nZ4+3S/LhGtxCxEmDprTO+16ZGhMhGT1YqY04qhMV7iR9wYruTBnyAb3nw/fnB+D+DSfKiVBAAA" name="t:formdata" type="hidden"></input></div><p class="menu-horizontal"><a href="../../../../loadswitcher.html">Accueil</a> &gt;
<a href="http://www.refonte.auchandirect.fr/id2/412">Hygiène Beauté</a> &gt;
<a href="../../../../id3/412/493.html">Visage</a> &gt;
<select onChange="window.location.href='/rayon/' + options[selectedIndex].value;" class="form-select" id="select" name="select"><option value="761">Cotons, Lingettes</option><option value="766">Toilette du Visage</option><option selected="selected" value="764">Soins Dentaires</option><option value="767">Soins du Visage</option><option value="765">Maquillage</option></select><img id="select-icon" class="t-error-icon t-invisible" alt="" src="http://www.refonte.auchandirect.fr/assets/tapestry/5.1.0.5/spacer.gif"/></p><input style="display:none;" id="breadSelectFormSubmit" type="submit"></input></form></div></div><!-- zone edit - Bannière haute --><div class="zone-admin diff-zone"></div><!-- DEBUT DE LA BARRE TITRE --><!-- div id="wrap-liste-produits-nav" class="">
						<div id="liste-produits-nav" class="clear-container float-container">
					
							
							
							<div id="liste-produits-tri" class="float-container">
							
							<div class="titre-produits">
								<h2>
									<span class="titre-principal">
										<t:outputraw value="categoryTitle" />
									</span>
									<span class="titre-secondaire"> ${nbProductsMsg}</span>
								</h2>
							</div>
							
							<t:zone t:id="headerListZone" t:update="show">
							<form t:type="form" t:id="sortForm" t:zone="productListZone" t:autofocus="false">
							<p class="liste-produits-choix-affichage" t:type="zone" t:update="show" id="productDisplayTypeZone">
									<p class="liste-produits-choix-affichage">
										<select t:type="select" t:id="sort" class="form-select" t:blankOption="NEVER" onChange="document.getElementById('sortBySubmit').click();" />
										<input type="submit" id="sortBySubmit" style="display:none;" />
										
										<a t:type="actionlink" t:id="list" t:zone="productListZone" class="bt-liste ${pdtDisplayListStyle}">${message:category.display.type.list}</a>
										<a t:type="actionlink" t:id="thumbnail" t:zone="productListZone" class="bt-grille ${pdtDisplayGridStyle}">${message:category.display.type.thumbnail}</a>
									</p>
								</p>
								</form>
								
								</t:zone>
								
								
							</div>
							
							<ul t:type="zone" id="labelZone" t:update="show" class="liste-produits-menu menu menu-horizontal clear-container">
								<t:delegate to="labelBlock" / --><!-- liste des capsules de tri (marques) --><!-- t:block t:id="labelBlock">
									
									<li class="item">
									<t:if test="isAllSubCatActive">
											<a class="active">${message:category.sub.all}</a>
										<p:else>
											<a t:type="actionlink" t:zone="labelZone" t:id="showAll">${message:category.sub.all}</a>
										</p:else>
									</t:if>
									</li>	
										
									<t:if test="specificCategory">
										<t:loop source="categoriesAll" value="cat">
											<li class="item">
												<t:if test="isCatDisable">
													<a class="non_active">${cat.label}</a>
												<p:else>
													<t:if test="isCatActive">
														<a class="active">${cat.label}</a>
													<p:else>
														<a t:type="actionlink" t:zone="labelZone" t:id="viewCat" t:context="cat.shelfId">${cat.label}</a>
													</p:else>
													</t:if>
												</p:else>
												</t:if>
											</li>
										</t:loop>
									</t:if>	
										
									<t:unless test="specificCategory">
										<t:loop source="subCategories" value="subCat">
											<li class="item">
												<t:if test="isSubCatDisable">
													<a class="non_active">${subCat.label}</a>
												<p:else>
													<t:if test="isSubCatActive">
														<a class="active">${subCat.label}</a>
													<p:else>
														<a t:type="actionlink" t:zone="labelZone" t:id="viewSubCat" t:context="subCat.shelfId">${subCat.label}</a>
													</p:else>
													</t:if>
												</p:else>
												</t:if>
											</li>
										</t:loop>
										
										<t:if test="hasBioFilter">
											<li class="bio">
												<a t:type="actionlink" t:zone="labelZone" t:id="bioLabel">${message:category.label.bio}</a>
											</li>
										</t:if>
										
									</t:unless>
									
								<t:if test="showPromo">
									<t:if test="isPromoCatActive">
										<li class="item caseprom">
											<a class="menu-top-promos activo" title="promos">${message:specificcategory.promotions}</a>
										</li>
									<p:else>
										<li class="item">
											<a class="menu-top-promos" title="promos" t:type="actionlink" t:zone="productListZone" t:id="filterPromos">${message:specificcategory.promotions}</a>
										</li>
									</p:else>
									</t:if>
									<p:else>
										<t:if test="isNotPromoPage">
											<li class="item">
												<a class="non_active" title="promos">${message:specificcategory.promotions}</a>
											</li>
										</t:if>
									</p:else>
								</t:if>
								
								<t:if test="showNews">
									<t:if test="isNewsCatActive">
										<li class="item">
											<a class="menu-top-nouveautes activon" title="nouveautes">${message:specificcategory.news}</a>
										</li>
									<p:else>
										<li class="item">
											<a class="menu-top-nouveautes" title="nouveautes" t:type="actionlink" t:zone="productListZone" t:id="filterNews">${message:specificcategory.news}</a>
										</li>
									</p:else>
									</t:if>
									<p:else>
										<t:if test="isNotNewsPage">
											<li class="item">
												<a class="non_active" title="nouveautes">${message:specificcategory.news}</a>
											</li>
										</t:if>
									</p:else>
								</t:if>
								
								<t:if test="showPdtAuchan">
									<t:if test="isAuchanCatActive">
										<li class="item">
											<a class="menu-top-produits-auchan activen" title="produits Auchan">${message:specificcategory.retailer_brand}</a>
										</li>
										<p:else>
											<li class="item">
												<a class="menu-top-produits-auchan" title="produits Auchan" t:type="actionlink" t:zone="productListZone" t:id="filterAuchan">${message:specificcategory.retailer_brand}</a>
											</li>
										</p:else>
									</t:if>
									<p:else>
										<t:if test="isNotAuchanPage">
											<li class="item">
												<a class="non_active" title="produits Auchan">${message:specificcategory.retailer_brand}</a>
											</li>
										</t:if>
									</p:else>
								</t:if>
								</t:block>
						</ul>
						</div>
						
						<div class="clear"></div>
						
						<t:zone t:id="moreProductListZone" t:update="show">
						<t:if test="!specificCategory">
								<t:if test="brands">
										<t:if test="isBrandFilterExpanded">
											<p class="link_hide_marque" style="display: block;">
											<a t:type="actionlink" t:zone="labelZone" t:id="hideAllBrands" title="${message:category.brands.hide.title}">${maskAllBrandsLink}</a>
											<img src="/static/images/down_arrow.png" />
											</p>
											
												<ul id="" class="liste-produits-menu menu menu-horizontal clear-container marques_liste" style="display: block;">
													<t:loop source="brands" value="brand">
														<li class="item">
															<t:if test="isBrandDisable">
																<a class="non_active">${brand}</a>
															<p:else>
																<t:if test="isBrandActive">
																	<a class="active">${brand}</a>
																<p:else>
																	<a t:type="actionlink" t:zone="labelZone" t:id="viewBrand" t:context="brand">${brand}</a>
																</p:else>
																</t:if>
															</p:else>
															</t:if>
														</li>
													</t:loop>
												</ul>
											
										<p:else>
											<p class="link_show_marque" style="display: block;">
											<a t:type="actionlink" t:zone="labelZone" t:id="viewAllBrands" title="${viewAllBrandsTitle}">${viewAllBrandsLink}</a>
											<img src="/static/images/down_arrow.png" />
											</p>
										</p:else>
										</t:if>
								</t:if>
							</t:if>
						</t:zone>
						
						</div --><!-- FIN DE LA BARRE TITRE --><div><!-- ***************** DEBUT DU BLOC TITRE ***************** --><div class="" id="wrap-liste-produits-nav"><div class="clear-container float-container" id="liste-produits-nav"><div class="float-container" id="liste-produits-tri"><div class="titre-produits"><h1><span class="titre-principal">Soins Dentaires</span><span class="titre-secondaire"> - 83 produits</span></h1></div><div class="t-zone" id="headerListZone"><form onsubmit="javascript:Tapestry.waitForPage(event);" action="http://www.refonte.auchandirect.fr/rayon.productgridorlist.sortform" method="post" id="sortForm" name="sortForm"><div class="t-invisible"><input value="764" name="t:ac" type="hidden"></input><input value="H4sIAAAAAAAAAJXOMZJBQRCA4aaIZKpkWxuRjoTERhKR2lJeOUC/eeMZNaanuvvtchknUC4hkLnDHmBTkQA3IP2T/zv8Q/P3Ez7muKM4SkxFZbVkXxAHL2qEWIVhSFwaTGhXzigmJ8q7obHELvjc5CjOjPNHRKsT70LRzZxWqbc4tf4651sdalNoWYrKFL5x4xTa0zX+YD9gLPuZso/l1zYpNJ6/Fzzjdz0zJutEsirfeBFP8XQsBsvr/lIH2KY7aUKP/AYBAAA=" name="t:formdata" type="hidden"></input></div><p class="liste-produits-choix-affichage t-zone" id="productDisplayTypeZone"><p class="liste-produits-choix-affichage"><select onChange="document.getElementById('sortBySubmit').click();" class="form-select" id="sort" name="sort"><option selected="selected" value="MARQUE_ASC">Trier par marque A-Z</option><option value="MARQUE_DESC">Trier par marque Z-A</option><option value="PRICE_ASC">Trier du moins cher au plus cher</option><option value="PRICE_DESC">Trier du plus cher au moins cher</option><option value="PRICEQTE_ASC">Trier par prix/quantité croissant</option><option value="PRICEQTE_DESC">Trier par prix/quantité décroissant</option></select><img id="sort-icon" class="t-error-icon t-invisible" alt="" src="http://www.refonte.auchandirect.fr/assets/tapestry/5.1.0.5/spacer.gif"/><input style="display: none;" id="sortBySubmit" type="submit"></input><a id="list" onclick="javascript:Tapestry.waitForPage(event);" class="bt-liste " href="http://www.refonte.auchandirect.fr/rayon.productgridorlist.list?t:ac=764">en liste</a><a id="thumbnail" onclick="javascript:Tapestry.waitForPage(event);" class="bt-grille active" href="http://www.refonte.auchandirect.fr/rayon.productgridorlist.thumbnail?t:ac=764">en grille</a></p></p></form></div></div><ul class="liste-produits-menu menu menu-horizontal clear-container t-zone" id="labelZone"><li class="item"><a class="active">TOUS</a></li><li class="item"><a id="viewSubCat" onclick="javascript:Tapestry.waitForPage(event);" href="http://www.refonte.auchandirect.fr/rayon.productgridorlist.viewsubcat/1747?t:ac=764">Brosses à Dents</a></li><li class="item"><a id="viewSubCat_0" onclick="javascript:Tapestry.waitForPage(event);" href="http://www.refonte.auchandirect.fr/rayon.productgridorlist.viewsubcat/1748?t:ac=764">Dentifrices</a></li><li class="item"><a id="viewSubCat_1" onclick="javascript:Tapestry.waitForPage(event);" href="http://www.refonte.auchandirect.fr/rayon.productgridorlist.viewsubcat/1749?t:ac=764">Enfants</a></li><li class="item"><a id="viewSubCat_2" onclick="javascript:Tapestry.waitForPage(event);" href="http://www.refonte.auchandirect.fr/rayon.productgridorlist.viewsubcat/1750?t:ac=764">Soins</a></li><li class="item"><a id="filterPromos" onclick="javascript:Tapestry.waitForPage(event);" title="promos" class="menu-top-promos" href="http://www.refonte.auchandirect.fr/rayon.productgridorlist.filterpromos?t:ac=764">Promotions</a></li><li class="item"><a id="filterNews" onclick="javascript:Tapestry.waitForPage(event);" title="nouveautes" class="menu-top-nouveautes" href="http://www.refonte.auchandirect.fr/rayon.productgridorlist.filternews?t:ac=764">Nouveautés</a></li><li class="item"><a id="filterAuchan" onclick="javascript:Tapestry.waitForPage(event);" title="produits Auchan" class="menu-top-produits-auchan" href="http://www.refonte.auchandirect.fr/rayon.productgridorlist.filterauchan?t:ac=764">Produits Auchan</a></li><!-- liste des capsules de tri (marques) --></ul></div><div class="clear"></div><div class="t-zone" id="moreProductListZone"><p style="display: block;" class="link_show_marque"><a id="viewAllBrands" onclick="javascript:Tapestry.waitForPage(event);" title="Voir les 18 éléments supplémentaires" href="http://www.refonte.auchandirect.fr/rayon.productgridorlist.viewallbrands?t:ac=764">Afficher les 18 marques</a><img src="http://www.refonte.auchandirect.fr/static/images/down_arrow.png"/></p></div></div><!-- ***************** FIN DU BLOC TITRE ***************** --><div class="t-zone" id="productListZone"><div class="liste clear-container" id="liste-produits-grille"><table><tr><td><!-- PL : ici --><div class="bloc-produit  bientot-dispo"><div class="bloc-produit-content"><a title="Voir le produit" href="http://www.refonte.auchandirect.fr/hygiène-beauté/visage/brosse-à-dents-manche-flexible-souple/id1/493/100666"><img src="http://www.refonte.auchandirect.fr/static/images/products/line/100666.jpg" alt="" class="produit "/></a><div class="picto"><span class="invisible"></span></div><div class="boutons-produit"><a class="bt-produit-ajout-panier disable" title="Bientôt disponible" href="javascript:void(0)">Bientôt disponible</a><a id="addProductToShoppingList" onclick="javascript:Tapestry.waitForPage(event);" title="Ajouter à ma liste" class="bt-produit-ajout-liste" href="http://www.refonte.auchandirect.fr/rayon.productgridorlist.productlist_1.thumbnailproduct_0.addproducttoshoppinglist/100666?t:ac=764">Ajouter à ma liste</a></div><div class="infos-produit-1"><div class="prix-actuel"><span>2.18€</span></div></div><div class="infos-produit-2"><a title="Voir le produit" href="http://www.refonte.auchandirect.fr/hygiène-beauté/visage/brosse-à-dents-manche-flexible-souple/id1/493/100666"><h2>AQUAFRESH</h2><h4>Brosse à dents manche flexible souple</h4><h4>Flex</h4><p>
1 pièce
<br/>
2.18€/pièce
</p></a></div><div class="mini_picto_bas"></div></div></div></td><td><!-- PL : ici --><div class="bloc-produit "><div class="bloc-produit-content"><a title="Voir le produit" href="http://www.refonte.auchandirect.fr/hygiène-beauté/visage/brosse-à-dents-manche-flexible-dure/id1/493/100669"><img src="http://www.refonte.auchandirect.fr/static/images/products/line/100669.jpg" alt="" class="produit "/></a><div class="picto"><span class="invisible"></span></div><div class="boutons-produit"><a id="addProductToBasket" onclick="javascript:Tapestry.waitForPage(event);" title="Ajouter au panier" class="bt-produit-ajout-panier" href="http://www.refonte.auchandirect.fr/rayon.productgridorlist.productlist_1.thumbnailproduct_0.addproducttobasket/100669?t:ac=764">Ajouter au panier</a><a id="addProductToShoppingList_0" onclick="javascript:Tapestry.waitForPage(event);" title="Ajouter à ma liste" class="bt-produit-ajout-liste" href="http://www.refonte.auchandirect.fr/rayon.productgridorlist.productlist_1.thumbnailproduct_0.addproducttoshoppinglist/100669?t:ac=764">Ajouter à ma liste</a></div><div class="infos-produit-1"><div class="prix-actuel"><span>2.48€</span></div></div><div class="infos-produit-2"><a title="Voir le produit" href="http://www.refonte.auchandirect.fr/hygiène-beauté/visage/brosse-à-dents-manche-flexible-dure/id1/493/100669"><h2>AQUAFRESH</h2><h4>Brosse à dents manche flexible dure</h4><h4>Flex</h4><p>
1 pièce
<br/>
2.48€/pièce
</p></a></div><div class="mini_picto_bas"></div></div></div></td><td><!-- PL : ici --><div class="bloc-produit produit-auchan"><div class="bloc-produit-content"><a title="Voir le produit" href="http://www.refonte.auchandirect.fr/hygiène-beauté/visage/kit-de-brossage-avec-dentifrice-pour-enfants/id1/493/1761"><img src="http://www.refonte.auchandirect.fr/static/images/products/line/1761.jpg" alt="" class="produit "/></a><div class="picto"><span class="invisible"></span></div><div class="boutons-produit"><a id="addProductToBasket_0" onclick="javascript:Tapestry.waitForPage(event);" title="Ajouter au panier" class="bt-produit-ajout-panier" href="http://www.refonte.auchandirect.fr/rayon.productgridorlist.productlist_1.thumbnailproduct_0.addproducttobasket/1761?t:ac=764">Ajouter au panier</a><a id="addProductToShoppingList_1" onclick="javascript:Tapestry.waitForPage(event);" title="Ajouter à ma liste" class="bt-produit-ajout-liste" href="http://www.refonte.auchandirect.fr/rayon.productgridorlist.productlist_1.thumbnailproduct_0.addproducttoshoppinglist/1761?t:ac=764">Ajouter à ma liste</a></div><div class="infos-produit-1"><div class="prix-actuel"><span>3.96€</span></div></div><div class="infos-produit-2"><a title="Voir le produit" href="http://www.refonte.auchandirect.fr/hygiène-beauté/visage/kit-de-brossage-avec-dentifrice-pour-enfants/id1/493/1761"><h2>AQUAFRESH</h2><h4>Kit de brossage avec dentifrice pour enfants</h4><h4>Popsy</h4><p>
1 pièce
<br/>
3.96€/pièce
</p></a></div><div class="mini_picto_bas"></div></div></div></td></tr><tr><td><!-- PL : ici --><div class="bloc-produit nouveaute bientot-dispo"><div class="bloc-produit-content"><a title="Voir le produit" href="../../brosse-%25C3%25A0-dents-inter-espaces-medium/id1/493/72686.html"><img src="http://www.refonte.auchandirect.fr/static/images/products/line/72686.jpg" alt="" class="produit "/></a><div class="picto"><span class="invisible"></span></div><img alt="nouveauté" src="http://www.refonte.auchandirect.fr/static/images/ruban-nouveaute_small.png" class="ruban"/><div class="boutons-produit"><a class="bt-produit-ajout-panier disable" title="Bientôt disponible" href="javascript:void(0)">Bientôt disponible</a><a id="addProductToShoppingList_2" onclick="javascript:Tapestry.waitForPage(event);" title="Ajouter à ma liste" class="bt-produit-ajout-liste" href="http://www.refonte.auchandirect.fr/rayon.productgridorlist.productlist_1.thumbnailproduct_0.addproducttoshoppinglist/72686?t:ac=764">Ajouter à ma liste</a></div><div class="infos-produit-1"><div class="prix-actuel"><span>2.40€</span></div></div><div class="infos-produit-2"><a title="Voir le produit" href="../../brosse-%25C3%25A0-dents-inter-espaces-medium/id1/493/72686.html"><h2>AQUAFRESH</h2><h4>Brosse à dents inter espaces medium</h4><h4></h4><p>
1 pièce
<br/>
240.00€/pièce
</p></a></div><div class="mini_picto_bas"></div></div></div></td><td><!-- PL : ici --><div class="bloc-produit  bientot-dispo"><div class="bloc-produit-content"><a title="Voir le produit" href="http://www.refonte.auchandirect.fr/hygiène-beauté/visage/dentifrice-au-fluor-et-calcium/id1/493/100963"><img src="http://www.refonte.auchandirect.fr/static/images/products/line/100963.jpg" alt="" class="produit "/></a><div class="picto"><span class="invisible"></span></div><div class="boutons-produit"><a class="bt-produit-ajout-panier disable" title="Bientôt disponible" href="javascript:void(0)">Bientôt disponible</a><a id="addProductToShoppingList_3" onclick="javascript:Tapestry.waitForPage(event);" title="Ajouter à ma liste" class="bt-produit-ajout-liste" href="http://www.refonte.auchandirect.fr/rayon.productgridorlist.productlist_1.thumbnailproduct_0.addproducttoshoppinglist/100963?t:ac=764">Ajouter à ma liste</a></div><div class="infos-produit-1"><div class="prix-actuel"><span>1.38€</span></div></div><div class="infos-produit-2"><a title="Voir le produit" href="http://www.refonte.auchandirect.fr/hygiène-beauté/visage/dentifrice-au-fluor-et-calcium/id1/493/100963"><h2>AQUAFRESH</h2><h4>Dentifrice au fluor et calcium</h4><h4>Triple protection</h4><p>
75 ml
<br/>
18.40€/l
</p></a></div><div class="mini_picto_bas"></div></div></div></td><td><!-- PL : ici --><div class="bloc-produit  bientot-dispo"><div class="bloc-produit-content"><a title="Voir le produit" href="http://www.refonte.auchandirect.fr/hygiène-beauté/visage/dentifrice-double-action-fraicheur-menthe/id1/493/34463"><img src="http://www.refonte.auchandirect.fr/static/images/products/line/34463.jpg" alt="" class="produit "/></a><div class="picto"><span class="invisible"></span></div><div class="boutons-produit"><a class="bt-produit-ajout-panier disable" title="Bientôt disponible" href="javascript:void(0)">Bientôt disponible</a><a id="addProductToShoppingList_4" onclick="javascript:Tapestry.waitForPage(event);" title="Ajouter à ma liste" class="bt-produit-ajout-liste" href="http://www.refonte.auchandirect.fr/rayon.productgridorlist.productlist_1.thumbnailproduct_0.addproducttoshoppinglist/34463?t:ac=764">Ajouter à ma liste</a></div><div class="infos-produit-1"><div class="prix-actuel"><span>3.10€</span></div></div><div class="infos-produit-2"><a title="Voir le produit" href="http://www.refonte.auchandirect.fr/hygiène-beauté/visage/dentifrice-double-action-fraicheur-menthe/id1/493/34463"><h2>AQUAFRESH</h2><h4>Dentifrice double action fraicheur menthe</h4><h4>Blancheur &amp; brillance</h4><p>
75 ml
<br/>
41.33€/l
</p></a></div><div class="mini_picto_bas"></div></div></div></td></tr><tr><td><!-- PL : ici --><div class="bloc-produit produit-auchan bientot-dispo"><div class="bloc-produit-content"><a title="Voir le produit" href="http://www.refonte.auchandirect.fr/hygiène-beauté/visage/brosse-à-dent-souple/id1/493/47004"><img src="http://www.refonte.auchandirect.fr/static/images/products/line/47004.jpg" alt="" class="produit "/></a><div class="picto"><span class="invisible"></span></div><div class="boutons-produit"><a class="bt-produit-ajout-panier disable" title="Bientôt disponible" href="javascript:void(0)">Bientôt disponible</a><a id="addProductToShoppingList_5" onclick="javascript:Tapestry.waitForPage(event);" title="Ajouter à ma liste" class="bt-produit-ajout-liste" href="http://www.refonte.auchandirect.fr/rayon.productgridorlist.productlist_1.thumbnailproduct_0.addproducttoshoppinglist/47004?t:ac=764">Ajouter à ma liste</a></div><div class="infos-produit-1"><div class="prix-actuel"><span>1.62€</span></div></div><div class="infos-produit-2"><a title="Voir le produit" href="http://www.refonte.auchandirect.fr/hygiène-beauté/visage/brosse-à-dent-souple/id1/493/47004"><h2>AUCHAN</h2><h4>Brosse à dent souple</h4><h4>Soin complet</h4><p>
1 pièce
<br/>
1.62€/pièce
</p></a></div><div class="mini_picto_bas"></div></div></div></td><td><!-- PL : ici --><div class="bloc-produit produit-auchan"><div class="bloc-produit-content"><a title="Voir le produit" href="http://www.refonte.auchandirect.fr/hygiène-beauté/visage/brosse-à-dents-souple/id1/493/59157"><img src="http://www.refonte.auchandirect.fr/static/images/products/line/59157.jpg" alt="" class="produit "/></a><div class="picto"><span class="invisible"></span></div><div class="boutons-produit"><a id="addProductToBasket_1" onclick="javascript:Tapestry.waitForPage(event);" title="Ajouter au panier" class="bt-produit-ajout-panier" href="http://www.refonte.auchandirect.fr/rayon.productgridorlist.productlist_1.thumbnailproduct_0.addproducttobasket/59157?t:ac=764">Ajouter au panier</a><a id="addProductToShoppingList_6" onclick="javascript:Tapestry.waitForPage(event);" title="Ajouter à ma liste" class="bt-produit-ajout-liste" href="http://www.refonte.auchandirect.fr/rayon.productgridorlist.productlist_1.thumbnailproduct_0.addproducttoshoppinglist/59157?t:ac=764">Ajouter à ma liste</a></div><div class="infos-produit-1"><div class="prix-actuel"><span>1.67€</span></div></div><div class="infos-produit-2"><a title="Voir le produit" href="http://www.refonte.auchandirect.fr/hygiène-beauté/visage/brosse-à-dents-souple/id1/493/59157"><h2>AUCHAN</h2><h4>Brosse à dents souple</h4><h4></h4><p>
4 pièces
<br/>
0.42€/pièce
</p></a></div><div class="mini_picto_bas"></div></div></div></td><td><!-- PL : ici --><div class="bloc-produit produit-auchan"><div class="bloc-produit-content"><a title="Voir le produit" href="http://www.refonte.auchandirect.fr/hygiène-beauté/visage/brosse-à-dents-perfect-blancheur-medium/id1/493/23684"><img src="http://www.refonte.auchandirect.fr/static/images/products/line/23684.jpg" alt="" class="produit "/></a><div class="picto"><span class="invisible"></span></div><div class="boutons-produit"><a id="addProductToBasket_2" onclick="javascript:Tapestry.waitForPage(event);" title="Ajouter au panier" class="bt-produit-ajout-panier" href="http://www.refonte.auchandirect.fr/rayon.productgridorlist.productlist_1.thumbnailproduct_0.addproducttobasket/23684?t:ac=764">Ajouter au panier</a><a id="addProductToShoppingList_7" onclick="javascript:Tapestry.waitForPage(event);" title="Ajouter à ma liste" class="bt-produit-ajout-liste" href="http://www.refonte.auchandirect.fr/rayon.productgridorlist.productlist_1.thumbnailproduct_0.addproducttoshoppinglist/23684?t:ac=764">Ajouter à ma liste</a></div><div class="infos-produit-1"><div class="prix-actuel"><span>1.99€</span></div></div><div class="infos-produit-2"><a title="Voir le produit" href="http://www.refonte.auchandirect.fr/hygiène-beauté/visage/brosse-à-dents-perfect-blancheur-medium/id1/493/23684"><h2>AUCHAN</h2><h4>Brosse à dents perfect blancheur medium</h4><h4></h4><p>
1 pièce
<br/>
1.99€/pièce
</p></a></div><div class="mini_picto_bas"></div></div></div></td></tr><tr><td><!-- PL : ici --><div class="bloc-produit produit-auchan bientot-dispo"><div class="bloc-produit-content"><a title="Voir le produit" href="http://www.refonte.auchandirect.fr/hygiène-beauté/visage/brosse-à-dents-professionnel-medium/id1/493/23689"><img src="http://www.refonte.auchandirect.fr/static/images/products/line/23689.jpg" alt="" class="produit "/></a><div class="picto"><span class="invisible"></span></div><div class="boutons-produit"><a class="bt-produit-ajout-panier disable" title="Bientôt disponible" href="javascript:void(0)">Bientôt disponible</a><a id="addProductToShoppingList_8" onclick="javascript:Tapestry.waitForPage(event);" title="Ajouter à ma liste" class="bt-produit-ajout-liste" href="http://www.refonte.auchandirect.fr/rayon.productgridorlist.productlist_1.thumbnailproduct_0.addproducttoshoppinglist/23689?t:ac=764">Ajouter à ma liste</a></div><div class="infos-produit-1"><div class="prix-actuel"><span>1.62€</span></div></div><div class="infos-produit-2"><a title="Voir le produit" href="http://www.refonte.auchandirect.fr/hygiène-beauté/visage/brosse-à-dents-professionnel-medium/id1/493/23689"><h2>AUCHAN</h2><h4>Brosse à dents professionnel medium</h4><h4></h4><p>
1 pièce
<br/>
1.62€/pièce
</p></a></div><div class="mini_picto_bas"></div></div></div></td><td><!-- PL : ici --><div class="bloc-produit produit-auchan bientot-dispo"><div class="bloc-produit-content"><a title="Voir le produit" href="http://www.refonte.auchandirect.fr/hygiène-beauté/visage/brosse-à-dents-médium/id1/493/31449"><img src="http://www.refonte.auchandirect.fr/static/images/products/line/31449.jpg" alt="" class="produit "/></a><div class="picto"><span class="invisible"></span></div><div class="boutons-produit"><a class="bt-produit-ajout-panier disable" title="Bientôt disponible" href="javascript:void(0)">Bientôt disponible</a><a id="addProductToShoppingList_9" onclick="javascript:Tapestry.waitForPage(event);" title="Ajouter à ma liste" class="bt-produit-ajout-liste" href="http://www.refonte.auchandirect.fr/rayon.productgridorlist.productlist_1.thumbnailproduct_0.addproducttoshoppinglist/31449?t:ac=764">Ajouter à ma liste</a></div><div class="infos-produit-1"><div class="prix-actuel"><span>1.67€</span></div></div><div class="infos-produit-2"><a title="Voir le produit" href="http://www.refonte.auchandirect.fr/hygiène-beauté/visage/brosse-à-dents-médium/id1/493/31449"><h2>AUCHAN</h2><h4>Brosse à dents médium</h4><h4>Color pack</h4><p>
4 pièces
<br/>
0.42€/pièce
</p></a></div><div class="mini_picto_bas"></div></div></div></td><td><!-- PL : ici --><div class="bloc-produit produit-auchan bientot-dispo"><div class="bloc-produit-content"><a title="Voir le produit" href="http://www.refonte.auchandirect.fr/hygiène-beauté/visage/brosse-à-dent-petite-souris/id1/493/59158"><img src="http://www.refonte.auchandirect.fr/static/images/products/line/59158.jpg" alt="" class="produit "/></a><div class="picto"><span class="invisible"></span></div><div class="boutons-produit"><a class="bt-produit-ajout-panier disable" title="Bientôt disponible" href="javascript:void(0)">Bientôt disponible</a><a id="addProductToShoppingList_10" onclick="javascript:Tapestry.waitForPage(event);" title="Ajouter à ma liste" class="bt-produit-ajout-liste" href="http://www.refonte.auchandirect.fr/rayon.productgridorlist.productlist_1.thumbnailproduct_0.addproducttoshoppinglist/59158?t:ac=764">Ajouter à ma liste</a></div><div class="infos-produit-1"><div class="prix-actuel"><span>1.11€</span></div></div><div class="infos-produit-2"><a title="Voir le produit" href="http://www.refonte.auchandirect.fr/hygiène-beauté/visage/brosse-à-dent-petite-souris/id1/493/59158"><h2>AUCHAN</h2><h4>Brosse à dent petite souris</h4><h4>Enfants</h4><p>
1 pièce
<br/>
1.11€/pièce
</p></a></div><div class="mini_picto_bas"></div></div></div></td></tr><tr><td><!-- PL : ici --><div class="bloc-produit produit-auchan"><div class="bloc-produit-content"><a title="Voir le produit" href="http://www.refonte.auchandirect.fr/hygiène-beauté/visage/dentifrice-blancheur/id1/493/59556"><img src="http://www.refonte.auchandirect.fr/static/images/products/line/59556.jpg" alt="" class="produit "/></a><div class="picto"><span class="invisible"></span></div><div class="boutons-produit"><a id="addProductToBasket_3" onclick="javascript:Tapestry.waitForPage(event);" title="Ajouter au panier" class="bt-produit-ajout-panier" href="http://www.refonte.auchandirect.fr/rayon.productgridorlist.productlist_1.thumbnailproduct_0.addproducttobasket/59556?t:ac=764">Ajouter au panier</a><a id="addProductToShoppingList_11" onclick="javascript:Tapestry.waitForPage(event);" title="Ajouter à ma liste" class="bt-produit-ajout-liste" href="http://www.refonte.auchandirect.fr/rayon.productgridorlist.productlist_1.thumbnailproduct_0.addproducttoshoppinglist/59556?t:ac=764">Ajouter à ma liste</a></div><div class="infos-produit-1"><div class="prix-actuel"><span>1.11€</span></div></div><div class="infos-produit-2"><a title="Voir le produit" href="http://www.refonte.auchandirect.fr/hygiène-beauté/visage/dentifrice-blancheur/id1/493/59556"><h2>AUCHAN</h2><h4>Dentifrice blancheur</h4><h4></h4><p>
75 ml
<br/>
14.80€/l
</p></a></div><div class="mini_picto_bas"></div></div></div></td><td><!-- PL : ici --><div class="bloc-produit produit-auchan"><div class="bloc-produit-content"><a title="Voir le produit" href="http://www.refonte.auchandirect.fr/hygiène-beauté/visage/dentifrice-soin-anti-tartre/id1/493/24481"><img src="http://www.refonte.auchandirect.fr/static/images/products/line/24481.jpg" alt="" class="produit "/></a><div class="picto"><span class="invisible"></span></div><div class="boutons-produit"><a id="addProductToBasket_4" onclick="javascript:Tapestry.waitForPage(event);" title="Ajouter au panier" class="bt-produit-ajout-panier" href="http://www.refonte.auchandirect.fr/rayon.productgridorlist.productlist_1.thumbnailproduct_0.addproducttobasket/24481?t:ac=764">Ajouter au panier</a><a id="addProductToShoppingList_12" onclick="javascript:Tapestry.waitForPage(event);" title="Ajouter à ma liste" class="bt-produit-ajout-liste" href="http://www.refonte.auchandirect.fr/rayon.productgridorlist.productlist_1.thumbnailproduct_0.addproducttoshoppinglist/24481?t:ac=764">Ajouter à ma liste</a></div><div class="infos-produit-1"><div class="prix-actuel"><span>0.99€</span></div></div><div class="infos-produit-2"><a title="Voir le produit" href="http://www.refonte.auchandirect.fr/hygiène-beauté/visage/dentifrice-soin-anti-tartre/id1/493/24481"><h2>AUCHAN</h2><h4>Dentifrice soin anti tartre</h4><h4></h4><p>
75 ml
<br/>
13.20€/l
</p></a></div><div class="mini_picto_bas"></div></div></div></td><td><!-- PL : ici --><div class="bloc-produit "><div class="bloc-produit-content"><a title="Voir le produit" href="http://www.refonte.auchandirect.fr/hygiène-beauté/visage/brosse-à-dents-medium/id1/493/40477"><img src="http://www.refonte.auchandirect.fr/static/images/products/line/40477.jpg" alt="" class="produit "/></a><div class="picto"><span class="invisible"></span></div><div class="boutons-produit"><a id="addProductToBasket_5" onclick="javascript:Tapestry.waitForPage(event);" title="Ajouter au panier" class="bt-produit-ajout-panier" href="http://www.refonte.auchandirect.fr/rayon.productgridorlist.productlist_1.thumbnailproduct_0.addproducttobasket/40477?t:ac=764">Ajouter au panier</a><a id="addProductToShoppingList_13" onclick="javascript:Tapestry.waitForPage(event);" title="Ajouter à ma liste" class="bt-produit-ajout-liste" href="http://www.refonte.auchandirect.fr/rayon.productgridorlist.productlist_1.thumbnailproduct_0.addproducttoshoppinglist/40477?t:ac=764">Ajouter à ma liste</a></div><div class="infos-produit-1"><div class="prix-actuel"><span>3.50€</span></div></div><div class="infos-produit-2"><a title="Voir le produit" href="http://www.refonte.auchandirect.fr/hygiène-beauté/visage/brosse-à-dents-medium/id1/493/40477"><h2>COLGATE</h2><h4>Brosse à dents medium</h4><h4>Manuel 360°</h4><p>
1 pièce
<br/>
3.50€/pièce
</p></a></div><div class="mini_picto_bas"></div></div></div></td></tr><tr><td><!-- PL : ici --><div class="bloc-produit  bientot-dispo"><div class="bloc-produit-content"><a title="Voir le produit" href="http://www.refonte.auchandirect.fr/hygiène-beauté/visage/brosse-à-dents-souple/id1/493/41449"><img src="http://www.refonte.auchandirect.fr/static/images/products/line/41449.jpg" alt="" class="produit "/></a><div class="picto"><span class="invisible"></span></div><div class="boutons-produit"><a class="bt-produit-ajout-panier disable" title="Bientôt disponible" href="javascript:void(0)">Bientôt disponible</a><a id="addProductToShoppingList_14" onclick="javascript:Tapestry.waitForPage(event);" title="Ajouter à ma liste" class="bt-produit-ajout-liste" href="http://www.refonte.auchandirect.fr/rayon.productgridorlist.productlist_1.thumbnailproduct_0.addproducttoshoppinglist/41449?t:ac=764">Ajouter à ma liste</a></div><div class="infos-produit-1"><div class="prix-actuel"><span>3.47€</span></div></div><div class="infos-produit-2"><a title="Voir le produit" href="http://www.refonte.auchandirect.fr/hygiène-beauté/visage/brosse-à-dents-souple/id1/493/41449"><h2>COLGATE</h2><h4>Brosse à dents souple</h4><h4>Manuel 360°</h4><p>
1 pièce
<br/>
3.47€/pièce
</p></a></div><div class="mini_picto_bas"></div></div></div></td><td><!-- PL : ici --><div class="bloc-produit  bientot-dispo"><div class="bloc-produit-content"><a title="Voir le produit" href="http://www.refonte.auchandirect.fr/hygiène-beauté/visage/brosse-à-dents-souple/id1/493/41668"><img src="http://www.refonte.auchandirect.fr/static/images/products/line/41668.jpg" alt="" class="produit "/></a><div class="picto"><span class="invisible"></span></div><div class="boutons-produit"><a class="bt-produit-ajout-panier disable" title="Bientôt disponible" href="javascript:void(0)">Bientôt disponible</a><a id="addProductToShoppingList_15" onclick="javascript:Tapestry.waitForPage(event);" title="Ajouter à ma liste" class="bt-produit-ajout-liste" href="http://www.refonte.auchandirect.fr/rayon.productgridorlist.productlist_1.thumbnailproduct_0.addproducttoshoppinglist/41668?t:ac=764">Ajouter à ma liste</a></div><div class="infos-produit-1"><div class="prix-actuel"><span>2.03€</span></div></div><div class="infos-produit-2"><a title="Voir le produit" href="http://www.refonte.auchandirect.fr/hygiène-beauté/visage/brosse-à-dents-souple/id1/493/41668"><h2>COLGATE</h2><h4>Brosse à dents souple</h4><h4>Zig Zag</h4><p>
1 pièce
<br/>
2.03€/pièce
</p></a></div><div class="mini_picto_bas"></div></div></div></td><td><!-- PL : ici --><div class="bloc-produit "><div class="bloc-produit-content"><a title="Voir le produit" href="http://www.refonte.auchandirect.fr/hygiène-beauté/visage/brosse-à-dents-médium/id1/493/27039"><img src="http://www.refonte.auchandirect.fr/static/images/products/line/27039.jpg" alt="" class="produit "/></a><div class="picto"><span class="invisible"></span></div><div class="boutons-produit"><a id="addProductToBasket_6" onclick="javascript:Tapestry.waitForPage(event);" title="Ajouter au panier" class="bt-produit-ajout-panier" href="http://www.refonte.auchandirect.fr/rayon.productgridorlist.productlist_1.thumbnailproduct_0.addproducttobasket/27039?t:ac=764">Ajouter au panier</a><a id="addProductToShoppingList_16" onclick="javascript:Tapestry.waitForPage(event);" title="Ajouter à ma liste" class="bt-produit-ajout-liste" href="http://www.refonte.auchandirect.fr/rayon.productgridorlist.productlist_1.thumbnailproduct_0.addproducttoshoppinglist/27039?t:ac=764">Ajouter à ma liste</a></div><div class="infos-produit-1"><div class="prix-actuel"><span>2.98€</span></div></div><div class="infos-produit-2"><a title="Voir le produit" href="http://www.refonte.auchandirect.fr/hygiène-beauté/visage/brosse-à-dents-médium/id1/493/27039"><h2>COLGATE</h2><h4>Brosse à dents médium</h4><h4>Extra clean</h4><p>
4 pièces
<br/>
0.75€/pièce
</p></a></div><div class="mini_picto_bas"></div></div></div></td></tr><tr><td><!-- PL : ici --><div class="bloc-produit promotion bientot-dispo"><div class="bloc-produit-content"><a title="Voir le produit" href="http://www.refonte.auchandirect.fr/hygiène-beauté/visage/brosse-à-dents-médium-360°/id1/493/91041"><img src="http://www.refonte.auchandirect.fr/static/images/products/line/91041.jpg" alt="" class="produit "/></a><div class="picto"><span class="invisible"></span></div><img src="http://www.refonte.auchandirect.fr/static/images/promo_small.png" class="ruban"/><div class="boutons-produit"><a class="bt-produit-ajout-panier disable" title="Bientôt disponible" href="javascript:void(0)">Bientôt disponible</a><a id="addProductToShoppingList_17" onclick="javascript:Tapestry.waitForPage(event);" title="Ajouter à ma liste" class="bt-produit-ajout-liste" href="http://www.refonte.auchandirect.fr/rayon.productgridorlist.productlist_1.thumbnailproduct_0.addproducttoshoppinglist/91041?t:ac=764">Ajouter à ma liste</a></div><div class="infos-produit-1"><div class="prix-actuel"><span>5.49€</span></div></div><div class="infos-produit-2"><a title="Voir le produit" href="http://www.refonte.auchandirect.fr/hygiène-beauté/visage/brosse-à-dents-médium-360°/id1/493/91041"><h2>COLGATE</h2><h4>Brosse à dents médium 360°</h4><h4></h4><p>
2 pièces
<br/>
2.75€/pièce
</p></a></div><div class="mini_picto_bas"></div></div></div></td><td><!-- PL : ici --><div class="bloc-produit promotion bientot-dispo"><div class="bloc-produit-content"><a title="Voir le produit" href="http://www.refonte.auchandirect.fr/hygiène-beauté/visage/brosse-à-dents-souple-360°/id1/493/91036"><img src="http://www.refonte.auchandirect.fr/static/images/products/line/91036.jpg" alt="" class="produit "/></a><div class="picto"><span class="invisible"></span></div><img src="http://www.refonte.auchandirect.fr/static/images/promo_small.png" class="ruban"/><div class="boutons-produit"><a class="bt-produit-ajout-panier disable" title="Bientôt disponible" href="javascript:void(0)">Bientôt disponible</a><a id="addProductToShoppingList_18" onclick="javascript:Tapestry.waitForPage(event);" title="Ajouter à ma liste" class="bt-produit-ajout-liste" href="http://www.refonte.auchandirect.fr/rayon.productgridorlist.productlist_1.thumbnailproduct_0.addproducttoshoppinglist/91036?t:ac=764">Ajouter à ma liste</a></div><div class="infos-produit-1"><div class="prix-actuel"><span>5.49€</span></div></div><div class="infos-produit-2"><a title="Voir le produit" href="http://www.refonte.auchandirect.fr/hygiène-beauté/visage/brosse-à-dents-souple-360°/id1/493/91036"><h2>COLGATE</h2><h4>Brosse à dents souple 360°</h4><h4></h4><p>
2 pièces
<br/>
2.75€/pièce
</p></a></div><div class="mini_picto_bas"></div></div></div></td><td><!-- PL : ici --><div class="bloc-produit  bientot-dispo"><div class="bloc-produit-content"><a title="Voir le produit" href="http://www.refonte.auchandirect.fr/hygiène-beauté/visage/dentifrice-aux-cristaux-blancs-solubles/id1/493/46099"><img src="http://www.refonte.auchandirect.fr/static/images/products/line/46099.jpg" alt="" class="produit "/></a><div class="picto"><span class="invisible"></span></div><div class="boutons-produit"><a class="bt-produit-ajout-panier disable" title="Bientôt disponible" href="javascript:void(0)">Bientôt disponible</a><a id="addProductToShoppingList_19" onclick="javascript:Tapestry.waitForPage(event);" title="Ajouter à ma liste" class="bt-produit-ajout-liste" href="http://www.refonte.auchandirect.fr/rayon.productgridorlist.productlist_1.thumbnailproduct_0.addproducttoshoppinglist/46099?t:ac=764">Ajouter à ma liste</a></div><div class="infos-produit-1"><div class="prix-actuel"><span>2.71€</span></div></div><div class="infos-produit-2"><a title="Voir le produit" href="http://www.refonte.auchandirect.fr/hygiène-beauté/visage/dentifrice-aux-cristaux-blancs-solubles/id1/493/46099"><h2>COLGATE</h2><h4>Dentifrice aux cristaux blancs solubles</h4><h4>MaxWhite</h4><p>
75 ml
<br/>
36.13€/l
</p></a></div><div class="mini_picto_bas"></div></div></div></td></tr><tr><td><!-- PL : ici --><div class="bloc-produit  bientot-dispo"><div class="bloc-produit-content"><a title="Voir le produit" href="http://www.refonte.auchandirect.fr/hygiène-beauté/visage/dentifrice-aux-cristaux-fraîcheur/id1/493/55441"><img src="http://www.refonte.auchandirect.fr/static/images/products/line/55441.jpg" alt="" class="produit "/></a><div class="picto"><span class="invisible"></span></div><div class="boutons-produit"><a class="bt-produit-ajout-panier disable" title="Bientôt disponible" href="javascript:void(0)">Bientôt disponible</a><a id="addProductToShoppingList_20" onclick="javascript:Tapestry.waitForPage(event);" title="Ajouter à ma liste" class="bt-produit-ajout-liste" href="http://www.refonte.auchandirect.fr/rayon.productgridorlist.productlist_1.thumbnailproduct_0.addproducttoshoppinglist/55441?t:ac=764">Ajouter à ma liste</a></div><div class="infos-produit-1"><div class="prix-actuel"><span>2.69€</span></div></div><div class="infos-produit-2"><a title="Voir le produit" href="http://www.refonte.auchandirect.fr/hygiène-beauté/visage/dentifrice-aux-cristaux-fraîcheur/id1/493/55441"><h2>COLGATE</h2><h4>Dentifrice aux cristaux fraîcheur</h4><h4>Max Fresh</h4><p>
75 ml
<br/>
35.87€/l
</p></a></div><div class="mini_picto_bas"></div></div></div></td><td><!-- PL : ici --><div class="bloc-produit  bientot-dispo"><div class="bloc-produit-content"><a title="Voir le produit" href="http://www.refonte.auchandirect.fr/hygiène-beauté/visage/dentifrice-protection-fluor/id1/493/100888"><img src="http://www.refonte.auchandirect.fr/static/images/products/line/100888.jpg" alt="" class="produit "/></a><div class="picto"><span class="invisible"></span></div><div class="boutons-produit"><a class="bt-produit-ajout-panier disable" title="Bientôt disponible" href="javascript:void(0)">Bientôt disponible</a><a id="addProductToShoppingList_21" onclick="javascript:Tapestry.waitForPage(event);" title="Ajouter à ma liste" class="bt-produit-ajout-liste" href="http://www.refonte.auchandirect.fr/rayon.productgridorlist.productlist_1.thumbnailproduct_0.addproducttoshoppinglist/100888?t:ac=764">Ajouter à ma liste</a></div><div class="infos-produit-1"><div class="prix-actuel"><span>1.36€</span></div></div><div class="infos-produit-2"><a title="Voir le produit" href="http://www.refonte.auchandirect.fr/hygiène-beauté/visage/dentifrice-protection-fluor/id1/493/100888"><h2>COLGATE</h2><h4>Dentifrice protection fluor</h4><h4>Ultrabrite</h4><p>
75 ml
<br/>
18.13€/l
</p></a></div><div class="mini_picto_bas"></div></div></div></td><td><!-- PL : ici --><div class="bloc-produit  bientot-dispo"><div class="bloc-produit-content"><a title="Voir le produit" href="http://www.refonte.auchandirect.fr/hygiène-beauté/visage/dentifrice-capital-gencive-trilitol---fluor/id1/493/100883"><img src="http://www.refonte.auchandirect.fr/static/images/products/line/100883.jpg" alt="" class="produit "/></a><div class="picto"><span class="invisible"></span></div><div class="boutons-produit"><a class="bt-produit-ajout-panier disable" title="Bientôt disponible" href="javascript:void(0)">Bientôt disponible</a><a id="addProductToShoppingList_22" onclick="javascript:Tapestry.waitForPage(event);" title="Ajouter à ma liste" class="bt-produit-ajout-liste" href="http://www.refonte.auchandirect.fr/rayon.productgridorlist.productlist_1.thumbnailproduct_0.addproducttoshoppinglist/100883?t:ac=764">Ajouter à ma liste</a></div><div class="infos-produit-1"><div class="prix-actuel"><span>2.09€</span></div></div><div class="infos-produit-2"><a title="Voir le produit" href="http://www.refonte.auchandirect.fr/hygiène-beauté/visage/dentifrice-capital-gencive-trilitol---fluor/id1/493/100883"><h2>COLGATE</h2><h4>Dentifrice capital gencive trilitol - fluor</h4><h4>Tonigencyl</h4><p>
75 ml
<br/>
27.87€/l
</p></a></div><div class="mini_picto_bas"></div></div></div></td></tr><tr><td><!-- PL : ici --><div class="bloc-produit  bientot-dispo"><div class="bloc-produit-content"><a title="Voir le produit" href="http://www.refonte.auchandirect.fr/hygiène-beauté/visage/dentifrice-blancheur/id1/493/22269"><img src="http://www.refonte.auchandirect.fr/static/images/products/line/22269.jpg" alt="" class="produit "/></a><div class="picto"><span class="invisible"></span></div><div class="boutons-produit"><a class="bt-produit-ajout-panier disable" title="Bientôt disponible" href="javascript:void(0)">Bientôt disponible</a><a id="addProductToShoppingList_23" onclick="javascript:Tapestry.waitForPage(event);" title="Ajouter à ma liste" class="bt-produit-ajout-liste" href="http://www.refonte.auchandirect.fr/rayon.productgridorlist.productlist_1.thumbnailproduct_0.addproducttoshoppinglist/22269?t:ac=764">Ajouter à ma liste</a></div><div class="infos-produit-1"><div class="prix-actuel"><span>2.21€</span></div></div><div class="infos-produit-2"><a title="Voir le produit" href="http://www.refonte.auchandirect.fr/hygiène-beauté/visage/dentifrice-blancheur/id1/493/22269"><h2>COLGATE</h2><h4>Dentifrice blancheur</h4><h4>Total plus</h4><p>
75 ml
<br/>
29.47€/l
</p></a></div><div class="mini_picto_bas"></div></div></div></td><td><!-- PL : ici --><div class="bloc-produit  bientot-dispo"><div class="bloc-produit-content"><a title="Voir le produit" href="http://www.refonte.auchandirect.fr/hygiène-beauté/visage/dentifrice-fluor-et-calcium/id1/493/100884"><img src="http://www.refonte.auchandirect.fr/static/images/products/line/100884.jpg" alt="" class="produit "/></a><div class="picto"><span class="invisible"></span></div><div class="boutons-produit"><a class="bt-produit-ajout-panier disable" title="Bientôt disponible" href="javascript:void(0)">Bientôt disponible</a><a id="addProductToShoppingList_24" onclick="javascript:Tapestry.waitForPage(event);" title="Ajouter à ma liste" class="bt-produit-ajout-liste" href="http://www.refonte.auchandirect.fr/rayon.productgridorlist.productlist_1.thumbnailproduct_0.addproducttoshoppinglist/100884?t:ac=764">Ajouter à ma liste</a></div><div class="infos-produit-1"><div class="prix-actuel"><span>1.42€</span></div></div><div class="infos-produit-2"><a title="Voir le produit" href="http://www.refonte.auchandirect.fr/hygiène-beauté/visage/dentifrice-fluor-et-calcium/id1/493/100884"><h2>COLGATE</h2><h4>Dentifrice fluor et calcium</h4><h4>Chlorophylle</h4><p>
75 ml
<br/>
18.93€/l
</p></a></div><div class="mini_picto_bas"></div></div></div></td><td><!-- PL : ici --><div class="bloc-produit "><div class="bloc-produit-content"><a title="Voir le produit" href="http://www.refonte.auchandirect.fr/hygiène-beauté/visage/bain-de-bouche-anti-plaque/id1/493/100591"><img src="http://www.refonte.auchandirect.fr/static/images/products/line/100591.jpg" alt="" class="produit "/></a><div class="picto"><span class="invisible"></span></div><div class="boutons-produit"><a id="addProductToBasket_7" onclick="javascript:Tapestry.waitForPage(event);" title="Ajouter au panier" class="bt-produit-ajout-panier" href="http://www.refonte.auchandirect.fr/rayon.productgridorlist.productlist_1.thumbnailproduct_0.addproducttobasket/100591?t:ac=764">Ajouter au panier</a><a id="addProductToShoppingList_25" onclick="javascript:Tapestry.waitForPage(event);" title="Ajouter à ma liste" class="bt-produit-ajout-liste" href="http://www.refonte.auchandirect.fr/rayon.productgridorlist.productlist_1.thumbnailproduct_0.addproducttoshoppinglist/100591?t:ac=764">Ajouter à ma liste</a></div><div class="infos-produit-1"><div class="prix-actuel"><span>6.01€</span></div></div><div class="infos-produit-2"><a title="Voir le produit" href="http://www.refonte.auchandirect.fr/hygiène-beauté/visage/bain-de-bouche-anti-plaque/id1/493/100591"><h2>COLGATE</h2><h4>Bain de bouche anti-plaque</h4><h4>Plax</h4><p>
500 ml
<br/>
12.02€/l
</p></a></div><div class="mini_picto_bas"></div></div></div></td></tr><tr><td><!-- PL : ici --><div class="bloc-produit "><div class="bloc-produit-content"><a title="Voir le produit" href="http://www.refonte.auchandirect.fr/hygiène-beauté/visage/bain-de-bouche-contre-les-bactéries-et-la-plaque/id1/493/60497"><img src="http://www.refonte.auchandirect.fr/static/images/products/line/60497.jpg" alt="" class="produit "/></a><div class="picto"><span class="invisible"></span></div><div class="boutons-produit"><a id="addProductToBasket_8" onclick="javascript:Tapestry.waitForPage(event);" title="Ajouter au panier" class="bt-produit-ajout-panier" href="http://www.refonte.auchandirect.fr/rayon.productgridorlist.productlist_1.thumbnailproduct_0.addproducttobasket/60497?t:ac=764">Ajouter au panier</a><a id="addProductToShoppingList_26" onclick="javascript:Tapestry.waitForPage(event);" title="Ajouter à ma liste" class="bt-produit-ajout-liste" href="http://www.refonte.auchandirect.fr/rayon.productgridorlist.productlist_1.thumbnailproduct_0.addproducttoshoppinglist/60497?t:ac=764">Ajouter à ma liste</a></div><div class="infos-produit-1"><div class="prix-actuel"><span>6.16€</span></div></div><div class="infos-produit-2"><a title="Voir le produit" href="http://www.refonte.auchandirect.fr/hygiène-beauté/visage/bain-de-bouche-contre-les-bactéries-et-la-plaque/id1/493/60497"><h2>COLGATE</h2><h4>Bain de bouche contre les bactéries et la plaque</h4><h4>Plax Ice</h4><p>
500 ml
<br/>
12.32€/l
</p></a></div><div class="mini_picto_bas"></div></div></div></td><td><!-- PL : ici --><div class="bloc-produit "><div class="bloc-produit-content"><a title="Voir le produit" href="http://www.refonte.auchandirect.fr/hygiène-beauté/visage/bain-de-bouche-à-la-menthe/id1/493/75932"><img src="http://www.refonte.auchandirect.fr/static/images/products/line/75932.jpg" alt="" class="produit "/></a><div class="picto"><span class="invisible"></span></div><div class="boutons-produit"><a id="addProductToBasket_9" onclick="javascript:Tapestry.waitForPage(event);" title="Ajouter au panier" class="bt-produit-ajout-panier" href="http://www.refonte.auchandirect.fr/rayon.productgridorlist.productlist_1.thumbnailproduct_0.addproducttobasket/75932?t:ac=764">Ajouter au panier</a><a id="addProductToShoppingList_27" onclick="javascript:Tapestry.waitForPage(event);" title="Ajouter à ma liste" class="bt-produit-ajout-liste" href="http://www.refonte.auchandirect.fr/rayon.productgridorlist.productlist_1.thumbnailproduct_0.addproducttoshoppinglist/75932?t:ac=764">Ajouter à ma liste</a></div><div class="infos-produit-1"><div class="prix-actuel"><span>5.80€</span></div></div><div class="infos-produit-2"><a title="Voir le produit" href="http://www.refonte.auchandirect.fr/hygiène-beauté/visage/bain-de-bouche-à-la-menthe/id1/493/75932"><h2>COLGATE</h2><h4>Bain de bouche à la menthe</h4><h4></h4><p>
500ml
<br/>
11.60€/l
</p></a></div><div class="mini_picto_bas"></div></div></div></td><td><!-- PL : ici --><div class="bloc-produit "><div class="bloc-produit-content"><a title="Voir le produit" href="http://www.refonte.auchandirect.fr/hygiène-beauté/visage/dentifrice-anti-tâches/id1/493/100514"><img src="http://www.refonte.auchandirect.fr/static/images/products/line/100514.jpg" alt="" class="produit "/></a><div class="picto"><span class="invisible"></span></div><div class="boutons-produit"><a id="addProductToBasket_10" onclick="javascript:Tapestry.waitForPage(event);" title="Ajouter au panier" class="bt-produit-ajout-panier" href="http://www.refonte.auchandirect.fr/rayon.productgridorlist.productlist_1.thumbnailproduct_0.addproducttobasket/100514?t:ac=764">Ajouter au panier</a><a id="addProductToShoppingList_28" onclick="javascript:Tapestry.waitForPage(event);" title="Ajouter à ma liste" class="bt-produit-ajout-liste" href="http://www.refonte.auchandirect.fr/rayon.productgridorlist.productlist_1.thumbnailproduct_0.addproducttoshoppinglist/100514?t:ac=764">Ajouter à ma liste</a></div><div class="infos-produit-1"><div class="prix-actuel"><span>2.93€</span></div></div><div class="infos-produit-2"><a title="Voir le produit" href="http://www.refonte.auchandirect.fr/hygiène-beauté/visage/dentifrice-anti-tâches/id1/493/100514"><h2>DENIVIT</h2><h4>Dentifrice anti-tâches</h4><h4></h4><p>
50 ml
<br/>
58.60€/l
</p></a></div><div class="mini_picto_bas"></div></div></div></td></tr><tr><td><!-- PL : ici --><div class="bloc-produit "><div class="bloc-produit-content"><a title="Voir le produit" href="http://www.refonte.auchandirect.fr/hygiène-beauté/visage/crème-fixative-protectice/id1/493/41222"><img src="http://www.refonte.auchandirect.fr/static/images/products/line/41222.jpg" alt="" class="produit "/></a><div class="picto"><span class="invisible"></span></div><div class="boutons-produit"><a id="addProductToBasket_11" onclick="javascript:Tapestry.waitForPage(event);" title="Ajouter au panier" class="bt-produit-ajout-panier" href="http://www.refonte.auchandirect.fr/rayon.productgridorlist.productlist_1.thumbnailproduct_0.addproducttobasket/41222?t:ac=764">Ajouter au panier</a><a id="addProductToShoppingList_29" onclick="javascript:Tapestry.waitForPage(event);" title="Ajouter à ma liste" class="bt-produit-ajout-liste" href="http://www.refonte.auchandirect.fr/rayon.productgridorlist.productlist_1.thumbnailproduct_0.addproducttoshoppinglist/41222?t:ac=764">Ajouter à ma liste</a></div><div class="infos-produit-1"><div class="prix-actuel"><span>4.21€</span></div></div><div class="infos-produit-2"><a title="Voir le produit" href="http://www.refonte.auchandirect.fr/hygiène-beauté/visage/crème-fixative-protectice/id1/493/41222"><h2>FIXODENT</h2><h4>Crème fixative protectice</h4><h4>Original</h4><p>
40 ml
<br/>
105.25€/kg
</p></a></div><div class="mini_picto_bas"></div></div></div></td><td><!-- PL : ici --><div class="bloc-produit "><div class="bloc-produit-content"><a title="Voir le produit" href="http://www.refonte.auchandirect.fr/hygiène-beauté/visage/dentifrice-aux-plantes/id1/493/43484"><img src="http://www.refonte.auchandirect.fr/static/images/products/line/43484.jpg" alt="" class="produit "/></a><div class="picto"><span class="invisible"></span></div><div class="boutons-produit"><a id="addProductToBasket_12" onclick="javascript:Tapestry.waitForPage(event);" title="Ajouter au panier" class="bt-produit-ajout-panier" href="http://www.refonte.auchandirect.fr/rayon.productgridorlist.productlist_1.thumbnailproduct_0.addproducttobasket/43484?t:ac=764">Ajouter au panier</a><a id="addProductToShoppingList_30" onclick="javascript:Tapestry.waitForPage(event);" title="Ajouter à ma liste" class="bt-produit-ajout-liste" href="http://www.refonte.auchandirect.fr/rayon.productgridorlist.productlist_1.thumbnailproduct_0.addproducttoshoppinglist/43484?t:ac=764">Ajouter à ma liste</a></div><div class="infos-produit-1"><div class="prix-actuel"><span>3.04€</span></div></div><div class="infos-produit-2"><a title="Voir le produit" href="http://www.refonte.auchandirect.fr/hygiène-beauté/visage/dentifrice-aux-plantes/id1/493/43484"><h2>FLUORYL</h2><h4>Dentifrice aux plantes</h4><h4></h4><p>
75 ml
<br/>
40.53€/l
</p></a></div><div class="mini_picto_bas"></div></div></div></td><td><!-- PL : ici --><div class="bloc-produit "><div class="bloc-produit-content"><a title="Voir le produit" href="http://www.refonte.auchandirect.fr/hygiène-beauté/visage/spray-alcool-menthe-90-vol/id1/493/55957"><img src="http://www.refonte.auchandirect.fr/static/images/products/line/55957.jpg" alt="" class="produit "/></a><div class="picto"><span class="invisible"></span></div><div class="boutons-produit"><a id="addProductToBasket_13" onclick="javascript:Tapestry.waitForPage(event);" title="Ajouter au panier" class="bt-produit-ajout-panier" href="http://www.refonte.auchandirect.fr/rayon.productgridorlist.productlist_1.thumbnailproduct_0.addproducttobasket/55957?t:ac=764">Ajouter au panier</a><a id="addProductToShoppingList_31" onclick="javascript:Tapestry.waitForPage(event);" title="Ajouter à ma liste" class="bt-produit-ajout-liste" href="http://www.refonte.auchandirect.fr/rayon.productgridorlist.productlist_1.thumbnailproduct_0.addproducttoshoppinglist/55957?t:ac=764">Ajouter à ma liste</a></div><div class="infos-produit-1"><div class="prix-actuel"><span>6.30€</span></div></div><div class="infos-produit-2"><a title="Voir le produit" href="http://www.refonte.auchandirect.fr/hygiène-beauté/visage/spray-alcool-menthe-90-vol/id1/493/55957"><h2>HANSAPLAST</h2><h4>Spray alcool menthe 90 % vol</h4><h4></h4><p>
18 ml
<br/>
350.00€/l
</p></a></div><div class="mini_picto_bas"></div></div></div></td></tr><tr><td><!-- PL : ici --><div class="bloc-produit "><div class="bloc-produit-content"><a title="Voir le produit" href="http://www.refonte.auchandirect.fr/hygiène-beauté/visage/bain-de-bouche-antiseptique/id1/493/38802"><img src="http://www.refonte.auchandirect.fr/static/images/products/line/38802.jpg" alt="" class="produit "/></a><div class="picto"><span class="invisible"></span></div><div class="boutons-produit"><a id="addProductToBasket_14" onclick="javascript:Tapestry.waitForPage(event);" title="Ajouter au panier" class="bt-produit-ajout-panier" href="http://www.refonte.auchandirect.fr/rayon.productgridorlist.productlist_1.thumbnailproduct_0.addproducttobasket/38802?t:ac=764">Ajouter au panier</a><a id="addProductToShoppingList_32" onclick="javascript:Tapestry.waitForPage(event);" title="Ajouter à ma liste" class="bt-produit-ajout-liste" href="http://www.refonte.auchandirect.fr/rayon.productgridorlist.productlist_1.thumbnailproduct_0.addproducttoshoppinglist/38802?t:ac=764">Ajouter à ma liste</a></div><div class="infos-produit-1"><div class="prix-actuel"><span>6.29€</span></div></div><div class="infos-produit-2"><a title="Voir le produit" href="http://www.refonte.auchandirect.fr/hygiène-beauté/visage/bain-de-bouche-antiseptique/id1/493/38802"><h2>HANSAPLAST</h2><h4>Bain de bouche antiseptique</h4><h4></h4><p>
250 ml
<br/>
25.16€/l
</p></a></div><div class="mini_picto_bas"></div></div></div></td><td><!-- PL : ici --><div class="bloc-produit nouveaute"><div class="bloc-produit-content"><a title="Voir le produit" href="../../bain-de-bouche-protection-dents-et-gencives/id1/493/91128.html"><img src="http://www.refonte.auchandirect.fr/static/images/products/line/91128.jpg" alt="" class="produit "/></a><div class="picto"><span class="invisible"></span></div><img alt="nouveauté" src="http://www.refonte.auchandirect.fr/static/images/ruban-nouveaute_small.png" class="ruban"/><div class="boutons-produit"><a id="addProductToBasket_15" onclick="javascript:Tapestry.waitForPage(event);" title="Ajouter au panier" class="bt-produit-ajout-panier" href="http://www.refonte.auchandirect.fr/rayon.productgridorlist.productlist_1.thumbnailproduct_0.addproducttobasket/91128?t:ac=764">Ajouter au panier</a><a id="addProductToShoppingList_33" onclick="javascript:Tapestry.waitForPage(event);" title="Ajouter à ma liste" class="bt-produit-ajout-liste" href="http://www.refonte.auchandirect.fr/rayon.productgridorlist.productlist_1.thumbnailproduct_0.addproducttoshoppinglist/91128?t:ac=764">Ajouter à ma liste</a></div><div class="infos-produit-1"><div class="prix-actuel"><span>6.70€</span></div></div><div class="infos-produit-2"><a title="Voir le produit" href="../../bain-de-bouche-protection-dents-et-gencives/id1/493/91128.html"><h2>LISTERINE</h2><h4>Bain de bouche protection dents et gencives</h4><h4></h4><p>
500 ml
<br/>
13.40€/l
</p></a></div><div class="mini_picto_bas"></div></div></div></td><td><!-- PL : ici --><div class="bloc-produit "><div class="bloc-produit-content"><a title="Voir le produit" href="http://www.refonte.auchandirect.fr/hygiène-beauté/visage/bain-de-bouche-total-care/id1/493/78909"><img src="http://www.refonte.auchandirect.fr/static/images/products/line/78909.jpg" alt="" class="produit "/></a><div class="picto"><span class="invisible"></span></div><div class="boutons-produit"><a id="addProductToBasket_16" onclick="javascript:Tapestry.waitForPage(event);" title="Ajouter au panier" class="bt-produit-ajout-panier" href="http://www.refonte.auchandirect.fr/rayon.productgridorlist.productlist_1.thumbnailproduct_0.addproducttobasket/78909?t:ac=764">Ajouter au panier</a><a id="addProductToShoppingList_34" onclick="javascript:Tapestry.waitForPage(event);" title="Ajouter à ma liste" class="bt-produit-ajout-liste" href="http://www.refonte.auchandirect.fr/rayon.productgridorlist.productlist_1.thumbnailproduct_0.addproducttoshoppinglist/78909?t:ac=764">Ajouter à ma liste</a></div><div class="infos-produit-1"><div class="prix-actuel"><span>6.70€</span></div></div><div class="infos-produit-2"><a title="Voir le produit" href="http://www.refonte.auchandirect.fr/hygiène-beauté/visage/bain-de-bouche-total-care/id1/493/78909"><h2>LISTERINE</h2><h4>Bain de bouche Total Care</h4><h4></h4><p>
500 ml
<br/>
13.40€/l
</p></a></div><div class="mini_picto_bas"></div></div></div></td></tr><tr><td><!-- PL : ici --><div class="bloc-produit  bientot-dispo"><div class="bloc-produit-content"><a title="Voir le produit" href="http://www.refonte.auchandirect.fr/hygiène-beauté/visage/fil-dentaire-fluoré-iodé/id1/493/14279"><img src="http://www.refonte.auchandirect.fr/static/images/products/line/14279.jpg" alt="" class="produit "/></a><div class="picto"><span class="invisible"></span></div><div class="boutons-produit"><a class="bt-produit-ajout-panier disable" title="Bientôt disponible" href="javascript:void(0)">Bientôt disponible</a><a id="addProductToShoppingList_35" onclick="javascript:Tapestry.waitForPage(event);" title="Ajouter à ma liste" class="bt-produit-ajout-liste" href="http://www.refonte.auchandirect.fr/rayon.productgridorlist.productlist_1.thumbnailproduct_0.addproducttoshoppinglist/14279?t:ac=764">Ajouter à ma liste</a></div><div class="infos-produit-1"><div class="prix-actuel"><span>4.90€</span></div></div><div class="infos-produit-2"><a title="Voir le produit" href="http://www.refonte.auchandirect.fr/hygiène-beauté/visage/fil-dentaire-fluoré-iodé/id1/493/14279"><h2>MERCUROCHROME</h2><h4>Fil dentaire fluoré iodé</h4><h4></h4><p>
1 pièce
<br/>
4.90€/pièce
</p></a></div><div class="mini_picto_bas"></div></div></div></td><td><!-- PL : ici --><div class="bloc-produit "><div class="bloc-produit-content"><a title="Voir le produit" href="http://www.refonte.auchandirect.fr/hygiène-beauté/visage/bain-de-bouches-unidoses-x-10/id1/493/55818"><img src="http://www.refonte.auchandirect.fr/static/images/products/line/55818.jpg" alt="" class="produit "/></a><div class="picto"><span class="invisible"></span></div><div class="boutons-produit"><a id="addProductToBasket_17" onclick="javascript:Tapestry.waitForPage(event);" title="Ajouter au panier" class="bt-produit-ajout-panier" href="http://www.refonte.auchandirect.fr/rayon.productgridorlist.productlist_1.thumbnailproduct_0.addproducttobasket/55818?t:ac=764">Ajouter au panier</a><a id="addProductToShoppingList_36" onclick="javascript:Tapestry.waitForPage(event);" title="Ajouter à ma liste" class="bt-produit-ajout-liste" href="http://www.refonte.auchandirect.fr/rayon.productgridorlist.productlist_1.thumbnailproduct_0.addproducttoshoppinglist/55818?t:ac=764">Ajouter à ma liste</a></div><div class="infos-produit-1"><div class="prix-actuel"><span>7.65€</span></div></div><div class="infos-produit-2"><a title="Voir le produit" href="http://www.refonte.auchandirect.fr/hygiène-beauté/visage/bain-de-bouches-unidoses-x-10/id1/493/55818"><h2>MERCUROCHROME</h2><h4>Bain de bouches unidoses x 10</h4><h4></h4><p>
1 pièce
<br/>
7.65€/pièce
</p></a></div><div class="mini_picto_bas"></div></div></div></td><td><!-- PL : ici --><div class="bloc-produit "><div class="bloc-produit-content"><a title="Voir le produit" href="http://www.refonte.auchandirect.fr/hygiène-beauté/visage/cures-dents-aseptisés,-x-50/id1/493/14283"><img src="http://www.refonte.auchandirect.fr/static/images/products/line/14283.jpg" alt="" class="produit "/></a><div class="picto"><span class="invisible"></span></div><div class="boutons-produit"><a id="addProductToBasket_18" onclick="javascript:Tapestry.waitForPage(event);" title="Ajouter au panier" class="bt-produit-ajout-panier" href="http://www.refonte.auchandirect.fr/rayon.productgridorlist.productlist_1.thumbnailproduct_0.addproducttobasket/14283?t:ac=764">Ajouter au panier</a><a id="addProductToShoppingList_37" onclick="javascript:Tapestry.waitForPage(event);" title="Ajouter à ma liste" class="bt-produit-ajout-liste" href="http://www.refonte.auchandirect.fr/rayon.productgridorlist.productlist_1.thumbnailproduct_0.addproducttoshoppinglist/14283?t:ac=764">Ajouter à ma liste</a></div><div class="infos-produit-1"><div class="prix-actuel"><span>5.37€</span></div></div><div class="infos-produit-2"><a title="Voir le produit" href="http://www.refonte.auchandirect.fr/hygiène-beauté/visage/cures-dents-aseptisés,-x-50/id1/493/14283"><h2>MERCUROCHROME</h2><h4>Cures dents aseptisés, x 50</h4><h4></h4><p>
1 pièce
<br/>
5.37€/pièce
</p></a></div><div class="mini_picto_bas"></div></div></div></td></tr><tr><td><!-- PL : ici --><div class="bloc-produit "><div class="bloc-produit-content"><a title="Voir le produit" href="http://www.refonte.auchandirect.fr/hygiène-beauté/visage/recharge-de-brossettes-électriques/id1/493/59159"><img src="http://www.refonte.auchandirect.fr/static/images/products/line/59159.jpg" alt="" class="produit "/></a><div class="picto"><span class="invisible"></span></div><div class="boutons-produit"><a id="addProductToBasket_19" onclick="javascript:Tapestry.waitForPage(event);" title="Ajouter au panier" class="bt-produit-ajout-panier" href="http://www.refonte.auchandirect.fr/rayon.productgridorlist.productlist_1.thumbnailproduct_0.addproducttobasket/59159?t:ac=764">Ajouter au panier</a><a id="addProductToShoppingList_38" onclick="javascript:Tapestry.waitForPage(event);" title="Ajouter à ma liste" class="bt-produit-ajout-liste" href="http://www.refonte.auchandirect.fr/rayon.productgridorlist.productlist_1.thumbnailproduct_0.addproducttoshoppinglist/59159?t:ac=764">Ajouter à ma liste</a></div><div class="infos-produit-1"><div class="prix-actuel"><span>12.33€</span></div></div><div class="infos-produit-2"><a title="Voir le produit" href="http://www.refonte.auchandirect.fr/hygiène-beauté/visage/recharge-de-brossettes-électriques/id1/493/59159"><h2>ORAL-B</h2><h4>Recharge de brossettes électriques</h4><h4>Sensitive</h4><p>
2 pièces
<br/>
6.17€/pièce
</p></a></div><div class="mini_picto_bas"></div></div></div></td><td><!-- PL : ici --><div class="bloc-produit "><div class="bloc-produit-content"><a title="Voir le produit" href="http://www.refonte.auchandirect.fr/hygiène-beauté/visage/brossettes/id1/493/60435"><img src="http://www.refonte.auchandirect.fr/static/images/products/line/60435.jpg" alt="" class="produit "/></a><div class="picto"><span class="invisible"></span></div><div class="boutons-produit"><a id="addProductToBasket_20" onclick="javascript:Tapestry.waitForPage(event);" title="Ajouter au panier" class="bt-produit-ajout-panier" href="http://www.refonte.auchandirect.fr/rayon.productgridorlist.productlist_1.thumbnailproduct_0.addproducttobasket/60435?t:ac=764">Ajouter au panier</a><a id="addProductToShoppingList_39" onclick="javascript:Tapestry.waitForPage(event);" title="Ajouter à ma liste" class="bt-produit-ajout-liste" href="http://www.refonte.auchandirect.fr/rayon.productgridorlist.productlist_1.thumbnailproduct_0.addproducttoshoppinglist/60435?t:ac=764">Ajouter à ma liste</a></div><div class="infos-produit-1"><div class="prix-actuel"><span>12.02€</span></div></div><div class="infos-produit-2"><a title="Voir le produit" href="http://www.refonte.auchandirect.fr/hygiène-beauté/visage/brossettes/id1/493/60435"><h2>ORAL-B</h2><h4>Brossettes</h4><h4>Dual Clean</h4><p>
2 pièces
<br/>
6.01€/pièce
</p></a></div><div class="mini_picto_bas"></div></div></div></td><td><!-- PL : ici --><div class="bloc-produit "><div class="bloc-produit-content"><a title="Voir le produit" href="http://www.refonte.auchandirect.fr/hygiène-beauté/visage/brosse-à-dent-éléctrique/id1/493/60301"><img src="http://www.refonte.auchandirect.fr/static/images/products/line/60301.jpg" alt="" class="produit "/></a><div class="picto"><span class="invisible"></span></div><div class="boutons-produit"><a id="addProductToBasket_21" onclick="javascript:Tapestry.waitForPage(event);" title="Ajouter au panier" class="bt-produit-ajout-panier" href="http://www.refonte.auchandirect.fr/rayon.productgridorlist.productlist_1.thumbnailproduct_0.addproducttobasket/60301?t:ac=764">Ajouter au panier</a><a id="addProductToShoppingList_40" onclick="javascript:Tapestry.waitForPage(event);" title="Ajouter à ma liste" class="bt-produit-ajout-liste" href="http://www.refonte.auchandirect.fr/rayon.productgridorlist.productlist_1.thumbnailproduct_0.addproducttoshoppinglist/60301?t:ac=764">Ajouter à ma liste</a></div><div class="infos-produit-1"><div class="prix-actuel"><span>27.54€</span></div></div><div class="infos-produit-2"><a title="Voir le produit" href="http://www.refonte.auchandirect.fr/hygiène-beauté/visage/brosse-à-dent-éléctrique/id1/493/60301"><h2>ORAL-B</h2><h4>Brosse à dent éléctrique</h4><h4>Vitality sensitive</h4><p>
1 pièce
<br/>
27.54€/pièce
</p></a></div><div class="mini_picto_bas"></div></div></div></td></tr><tr><td><!-- PL : ici --><div class="bloc-produit  bientot-dispo"><div class="bloc-produit-content"><a title="Voir le produit" href="http://www.refonte.auchandirect.fr/hygiène-beauté/visage/brossettes/id1/493/60436"><img src="http://www.refonte.auchandirect.fr/static/images/products/line/60436.jpg" alt="" class="produit "/></a><div class="picto"><span class="invisible"></span></div><div class="boutons-produit"><a class="bt-produit-ajout-panier disable" title="Bientôt disponible" href="javascript:void(0)">Bientôt disponible</a><a id="addProductToShoppingList_41" onclick="javascript:Tapestry.waitForPage(event);" title="Ajouter à ma liste" class="bt-produit-ajout-liste" href="http://www.refonte.auchandirect.fr/rayon.productgridorlist.productlist_1.thumbnailproduct_0.addproducttoshoppinglist/60436?t:ac=764">Ajouter à ma liste</a></div><div class="infos-produit-1"><div class="prix-actuel"><span>12.02€</span></div></div><div class="infos-produit-2"><a title="Voir le produit" href="http://www.refonte.auchandirect.fr/hygiène-beauté/visage/brossettes/id1/493/60436"><h2>ORAL-B</h2><h4>Brossettes</h4><h4>Precision Clean</h4><p>
2 pièces
<br/>
6.01€/pièce
</p></a></div><div class="mini_picto_bas"></div></div></div></td><td><!-- PL : ici --><div class="bloc-produit "><div class="bloc-produit-content"><a title="Voir le produit" href="http://www.refonte.auchandirect.fr/hygiène-beauté/visage/brosse-à-dents-électrique-rechargeable/id1/493/37239"><img src="http://www.refonte.auchandirect.fr/static/images/products/line/37239.jpg" alt="" class="produit "/></a><div class="picto"><span class="invisible"></span></div><div class="boutons-produit"><a id="addProductToBasket_22" onclick="javascript:Tapestry.waitForPage(event);" title="Ajouter au panier" class="bt-produit-ajout-panier" href="http://www.refonte.auchandirect.fr/rayon.productgridorlist.productlist_1.thumbnailproduct_0.addproducttobasket/37239?t:ac=764">Ajouter au panier</a><a id="addProductToShoppingList_42" onclick="javascript:Tapestry.waitForPage(event);" title="Ajouter à ma liste" class="bt-produit-ajout-liste" href="http://www.refonte.auchandirect.fr/rayon.productgridorlist.productlist_1.thumbnailproduct_0.addproducttoshoppinglist/37239?t:ac=764">Ajouter à ma liste</a></div><div class="infos-produit-1"><div class="prix-actuel"><span>25.62€</span></div></div><div class="infos-produit-2"><a title="Voir le produit" href="http://www.refonte.auchandirect.fr/hygiène-beauté/visage/brosse-à-dents-électrique-rechargeable/id1/493/37239"><h2>ORAL-B</h2><h4>Brosse à dents électrique rechargeable</h4><h4>Vitality Precision Clean</h4><p>
1 pièce
<br/>
25.62€/pièce
</p></a></div><div class="mini_picto_bas"></div></div></div></td><td><!-- PL : ici --><div class="bloc-produit "><div class="bloc-produit-content"><a title="Voir le produit" href="http://www.refonte.auchandirect.fr/hygiène-beauté/visage/crème-adhésive-pour-appareil-dentaire/id1/493/101062"><img src="http://www.refonte.auchandirect.fr/static/images/products/line/101062.jpg" alt="" class="produit "/></a><div class="picto"><span class="invisible"></span></div><div class="boutons-produit"><a id="addProductToBasket_23" onclick="javascript:Tapestry.waitForPage(event);" title="Ajouter au panier" class="bt-produit-ajout-panier" href="http://www.refonte.auchandirect.fr/rayon.productgridorlist.productlist_1.thumbnailproduct_0.addproducttobasket/101062?t:ac=764">Ajouter au panier</a><a id="addProductToShoppingList_43" onclick="javascript:Tapestry.waitForPage(event);" title="Ajouter à ma liste" class="bt-produit-ajout-liste" href="http://www.refonte.auchandirect.fr/rayon.productgridorlist.productlist_1.thumbnailproduct_0.addproducttoshoppinglist/101062?t:ac=764">Ajouter à ma liste</a></div><div class="infos-produit-1"><div class="prix-actuel"><span>4.68€</span></div></div><div class="infos-produit-2"><a title="Voir le produit" href="http://www.refonte.auchandirect.fr/hygiène-beauté/visage/crème-adhésive-pour-appareil-dentaire/id1/493/101062"><h2>POLIDENT</h2><h4>Crème adhésive pour appareil dentaire</h4><h4></h4><p>
50 g
<br/>
93.60€/kg
</p></a></div><div class="mini_picto_bas"></div></div></div></td></tr><tr><td><!-- PL : ici --><div class="bloc-produit "><div class="bloc-produit-content"><a title="Voir le produit" href="http://www.refonte.auchandirect.fr/hygiène-beauté/visage/brosse-à-dents-médium/id1/493/42001"><img src="http://www.refonte.auchandirect.fr/static/images/products/line/42001.jpg" alt="" class="produit "/></a><div class="picto"><span class="invisible"></span></div><div class="boutons-produit"><a id="addProductToBasket_24" onclick="javascript:Tapestry.waitForPage(event);" title="Ajouter au panier" class="bt-produit-ajout-panier" href="http://www.refonte.auchandirect.fr/rayon.productgridorlist.productlist_1.thumbnailproduct_0.addproducttobasket/42001?t:ac=764">Ajouter au panier</a><a id="addProductToShoppingList_44" onclick="javascript:Tapestry.waitForPage(event);" title="Ajouter à ma liste" class="bt-produit-ajout-liste" href="http://www.refonte.auchandirect.fr/rayon.productgridorlist.productlist_1.thumbnailproduct_0.addproducttoshoppinglist/42001?t:ac=764">Ajouter à ma liste</a></div><div class="infos-produit-1"><div class="prix-actuel"><span>0.56€</span></div></div><div class="infos-produit-2"><a title="Voir le produit" href="http://www.refonte.auchandirect.fr/hygiène-beauté/visage/brosse-à-dents-médium/id1/493/42001"><h2>POUCE</h2><h4>Brosse à dents médium</h4><h4></h4><p>
2 pièces
<br/>
0.28€/pièce
</p></a></div><div class="mini_picto_bas"><img alt="marque-pouce" src="http://www.refonte.auchandirect.fr/static/images/marque-pouce_small.jpg"/></div></div></div></td><td><!-- PL : ici --><div class="bloc-produit produit-auchan bientot-dispo"><div class="bloc-produit-content"><a title="Voir le produit" href="http://www.refonte.auchandirect.fr/hygiène-beauté/visage/dentifrice-en-doseur-pour-enfants/id1/493/1211"><img src="http://www.refonte.auchandirect.fr/static/images/products/line/1211.jpg" alt="" class="produit "/></a><div class="picto"><span class="invisible"></span></div><div class="boutons-produit"><a class="bt-produit-ajout-panier disable" title="Bientôt disponible" href="javascript:void(0)">Bientôt disponible</a><a id="addProductToShoppingList_45" onclick="javascript:Tapestry.waitForPage(event);" title="Ajouter à ma liste" class="bt-produit-ajout-liste" href="http://www.refonte.auchandirect.fr/rayon.productgridorlist.productlist_1.thumbnailproduct_0.addproducttoshoppinglist/1211?t:ac=764">Ajouter à ma liste</a></div><div class="infos-produit-1"><div class="prix-actuel"><span>1.63€</span></div></div><div class="infos-produit-2"><a title="Voir le produit" href="http://www.refonte.auchandirect.fr/hygiène-beauté/visage/dentifrice-en-doseur-pour-enfants/id1/493/1211"><h2>RIK &amp; ROK</h2><h4>Dentifrice en doseur pour enfants</h4><h4>Fraise</h4><p>
100 ml
<br/>
16.30€/l
</p></a></div><div class="mini_picto_bas"><img src="http://www.refonte.auchandirect.fr/static/images/rikrok_small.jpg"/></div></div></div></td><td><!-- PL : ici --><div class="bloc-produit produit-auchan"><div class="bloc-produit-content"><a title="Voir le produit" href="http://www.refonte.auchandirect.fr/hygiène-beauté/visage/dentifrice-pour-enfant/id1/493/38537"><img src="http://www.refonte.auchandirect.fr/static/images/products/line/38537.jpg" alt="" class="produit "/></a><div class="picto"><span class="invisible"></span></div><div class="boutons-produit"><a id="addProductToBasket_25" onclick="javascript:Tapestry.waitForPage(event);" title="Ajouter au panier" class="bt-produit-ajout-panier" href="http://www.refonte.auchandirect.fr/rayon.productgridorlist.productlist_1.thumbnailproduct_0.addproducttobasket/38537?t:ac=764">Ajouter au panier</a><a id="addProductToShoppingList_46" onclick="javascript:Tapestry.waitForPage(event);" title="Ajouter à ma liste" class="bt-produit-ajout-liste" href="http://www.refonte.auchandirect.fr/rayon.productgridorlist.productlist_1.thumbnailproduct_0.addproducttoshoppinglist/38537?t:ac=764">Ajouter à ma liste</a></div><div class="infos-produit-1"><div class="prix-actuel"><span>0.75€</span></div></div><div class="infos-produit-2"><a title="Voir le produit" href="http://www.refonte.auchandirect.fr/hygiène-beauté/visage/dentifrice-pour-enfant/id1/493/38537"><h2>RIK &amp; ROK</h2><h4>Dentifrice pour enfant</h4><h4>Fraise</h4><p>
50 ml
<br/>
15.00€/l
</p></a></div><div class="mini_picto_bas"><img src="http://www.refonte.auchandirect.fr/static/images/rikrok_small.jpg"/></div></div></div></td></tr><tr><td><!-- PL : ici --><div class="bloc-produit "><div class="bloc-produit-content"><a title="Voir le produit" href="http://www.refonte.auchandirect.fr/hygiène-beauté/visage/brosse-à-dents-et-gencives-sensibles/id1/493/34444"><img src="http://www.refonte.auchandirect.fr/static/images/products/line/34444.jpg" alt="" class="produit "/></a><div class="picto"><span class="invisible"></span></div><div class="boutons-produit"><a id="addProductToBasket_26" onclick="javascript:Tapestry.waitForPage(event);" title="Ajouter au panier" class="bt-produit-ajout-panier" href="http://www.refonte.auchandirect.fr/rayon.productgridorlist.productlist_1.thumbnailproduct_0.addproducttobasket/34444?t:ac=764">Ajouter au panier</a><a id="addProductToShoppingList_47" onclick="javascript:Tapestry.waitForPage(event);" title="Ajouter à ma liste" class="bt-produit-ajout-liste" href="http://www.refonte.auchandirect.fr/rayon.productgridorlist.productlist_1.thumbnailproduct_0.addproducttoshoppinglist/34444?t:ac=764">Ajouter à ma liste</a></div><div class="infos-produit-1"><div class="prix-actuel"><span>3.33€</span></div></div><div class="infos-produit-2"><a title="Voir le produit" href="http://www.refonte.auchandirect.fr/hygiène-beauté/visage/brosse-à-dents-et-gencives-sensibles/id1/493/34444"><h2>SENSODYNE</h2><h4>Brosse à dents et gencives sensibles</h4><h4>Extra souple</h4><p>
1 pièce
<br/>
3.33€/pièce
</p></a></div><div class="mini_picto_bas"></div></div></div></td><td><!-- PL : ici --><div class="bloc-produit  bientot-dispo"><div class="bloc-produit-content"><a title="Voir le produit" href="http://www.refonte.auchandirect.fr/hygiène-beauté/visage/dentifrice-au-fluor/id1/493/100670"><img src="http://www.refonte.auchandirect.fr/static/images/products/line/100670.jpg" alt="" class="produit "/></a><div class="picto"><span class="invisible"></span></div><div class="boutons-produit"><a class="bt-produit-ajout-panier disable" title="Bientôt disponible" href="javascript:void(0)">Bientôt disponible</a><a id="addProductToShoppingList_48" onclick="javascript:Tapestry.waitForPage(event);" title="Ajouter à ma liste" class="bt-produit-ajout-liste" href="http://www.refonte.auchandirect.fr/rayon.productgridorlist.productlist_1.thumbnailproduct_0.addproducttoshoppinglist/100670?t:ac=764">Ajouter à ma liste</a></div><div class="infos-produit-1"><div class="prix-actuel"><span>3.30€</span></div></div><div class="infos-produit-2"><a title="Voir le produit" href="http://www.refonte.auchandirect.fr/hygiène-beauté/visage/dentifrice-au-fluor/id1/493/100670"><h2>SENSODYNE</h2><h4>Dentifrice au fluor</h4><h4>Anti-caries</h4><p>
75 ml
<br/>
44.00€/l
</p></a></div><div class="mini_picto_bas"></div></div></div></td><td><!-- PL : ici --><div class="bloc-produit  bientot-dispo"><div class="bloc-produit-content"><a title="Voir le produit" href="http://www.refonte.auchandirect.fr/hygiène-beauté/visage/dentifrice-dents-sensibles-eucalyptus/id1/493/40981"><img src="http://www.refonte.auchandirect.fr/static/images/products/line/40981.jpg" alt="" class="produit "/></a><div class="picto"><span class="invisible"></span></div><div class="boutons-produit"><a class="bt-produit-ajout-panier disable" title="Bientôt disponible" href="javascript:void(0)">Bientôt disponible</a><a id="addProductToShoppingList_49" onclick="javascript:Tapestry.waitForPage(event);" title="Ajouter à ma liste" class="bt-produit-ajout-liste" href="http://www.refonte.auchandirect.fr/rayon.productgridorlist.productlist_1.thumbnailproduct_0.addproducttoshoppinglist/40981?t:ac=764">Ajouter à ma liste</a></div><div class="infos-produit-1"><div class="prix-actuel"><span>3.92€</span></div></div><div class="infos-produit-2"><a title="Voir le produit" href="http://www.refonte.auchandirect.fr/hygiène-beauté/visage/dentifrice-dents-sensibles-eucalyptus/id1/493/40981"><h2>SENSODYNE</h2><h4>Dentifrice dents sensibles eucalyptus</h4><h4>Soin complet</h4><p>
75 ml
<br/>
52.27€/l
</p></a></div><div class="mini_picto_bas"></div></div></div></td></tr><tr><td><!-- PL : ici --><div class="bloc-produit "><div class="bloc-produit-content"><a title="Voir le produit" href="http://www.refonte.auchandirect.fr/hygiène-beauté/visage/brosse-à-dents-médium/id1/493/44931"><img src="http://www.refonte.auchandirect.fr/static/images/products/line/44931.jpg" alt="" class="produit "/></a><div class="picto"><span class="invisible"></span></div><div class="boutons-produit"><a id="addProductToBasket_27" onclick="javascript:Tapestry.waitForPage(event);" title="Ajouter au panier" class="bt-produit-ajout-panier" href="http://www.refonte.auchandirect.fr/rayon.productgridorlist.productlist_1.thumbnailproduct_0.addproducttobasket/44931?t:ac=764">Ajouter au panier</a><a id="addProductToShoppingList_50" onclick="javascript:Tapestry.waitForPage(event);" title="Ajouter à ma liste" class="bt-produit-ajout-liste" href="http://www.refonte.auchandirect.fr/rayon.productgridorlist.productlist_1.thumbnailproduct_0.addproducttoshoppinglist/44931?t:ac=764">Ajouter à ma liste</a></div><div class="infos-produit-1"><div class="prix-actuel"><span>3.10€</span></div></div><div class="infos-produit-2"><a title="Voir le produit" href="http://www.refonte.auchandirect.fr/hygiène-beauté/visage/brosse-à-dents-médium/id1/493/44931"><h2>SIGNAL</h2><h4>Brosse à dents médium</h4><h4>Integral 8</h4><p>
1 pièce
<br/>
3.10€/pièce
</p></a></div><div class="mini_picto_bas"></div></div></div></td><td><!-- PL : ici --><div class="bloc-produit "><div class="bloc-produit-content"><a title="Voir le produit" href="http://www.refonte.auchandirect.fr/hygiène-beauté/visage/brosse-à-dents-souple/id1/493/45676"><img src="http://www.refonte.auchandirect.fr/static/images/products/line/45676.jpg" alt="" class="produit "/></a><div class="picto"><span class="invisible"></span></div><div class="boutons-produit"><a id="addProductToBasket_28" onclick="javascript:Tapestry.waitForPage(event);" title="Ajouter au panier" class="bt-produit-ajout-panier" href="http://www.refonte.auchandirect.fr/rayon.productgridorlist.productlist_1.thumbnailproduct_0.addproducttobasket/45676?t:ac=764">Ajouter au panier</a><a id="addProductToShoppingList_51" onclick="javascript:Tapestry.waitForPage(event);" title="Ajouter à ma liste" class="bt-produit-ajout-liste" href="http://www.refonte.auchandirect.fr/rayon.productgridorlist.productlist_1.thumbnailproduct_0.addproducttoshoppinglist/45676?t:ac=764">Ajouter à ma liste</a></div><div class="infos-produit-1"><div class="prix-actuel"><span>3.95€</span></div></div><div class="infos-produit-2"><a title="Voir le produit" href="http://www.refonte.auchandirect.fr/hygiène-beauté/visage/brosse-à-dents-souple/id1/493/45676"><h2>SIGNAL</h2><h4>Brosse à dents souple</h4><h4>Ultra Acces</h4><p>
1 pièce
<br/>
3.95€/pièce
</p></a></div><div class="mini_picto_bas"></div></div></div></td><td><!-- PL : ici --><div class="bloc-produit  bientot-dispo"><div class="bloc-produit-content"><a title="Voir le produit" href="http://www.refonte.auchandirect.fr/hygiène-beauté/visage/brosse-à-dents-souple/id1/493/40091"><img src="http://www.refonte.auchandirect.fr/static/images/products/line/40091.jpg" alt="" class="produit "/></a><div class="picto"><span class="invisible"></span></div><div class="boutons-produit"><a class="bt-produit-ajout-panier disable" title="Bientôt disponible" href="javascript:void(0)">Bientôt disponible</a><a id="addProductToShoppingList_52" onclick="javascript:Tapestry.waitForPage(event);" title="Ajouter à ma liste" class="bt-produit-ajout-liste" href="http://www.refonte.auchandirect.fr/rayon.productgridorlist.productlist_1.thumbnailproduct_0.addproducttoshoppinglist/40091?t:ac=764">Ajouter à ma liste</a></div><div class="infos-produit-1"><div class="prix-actuel"><span>1.66€</span></div></div><div class="infos-produit-2"><a title="Voir le produit" href="http://www.refonte.auchandirect.fr/hygiène-beauté/visage/brosse-à-dents-souple/id1/493/40091"><h2>SIGNAL</h2><h4>Brosse à dents souple</h4><h4>Soin classique</h4><p>
1 pièce
<br/>
1.66€/pièce
</p></a></div><div class="mini_picto_bas"></div></div></div></td></tr><tr><td><!-- PL : ici --><div class="bloc-produit  bientot-dispo"><div class="bloc-produit-content"><a title="Voir le produit" href="http://www.refonte.auchandirect.fr/hygiène-beauté/visage/brosses-à-dents-médium/id1/493/16057"><img src="http://www.refonte.auchandirect.fr/static/images/products/line/16057.jpg" alt="" class="produit "/></a><div class="picto"><span class="invisible"></span></div><div class="boutons-produit"><a class="bt-produit-ajout-panier disable" title="Bientôt disponible" href="javascript:void(0)">Bientôt disponible</a><a id="addProductToShoppingList_53" onclick="javascript:Tapestry.waitForPage(event);" title="Ajouter à ma liste" class="bt-produit-ajout-liste" href="http://www.refonte.auchandirect.fr/rayon.productgridorlist.productlist_1.thumbnailproduct_0.addproducttoshoppinglist/16057?t:ac=764">Ajouter à ma liste</a></div><div class="infos-produit-1"><div class="prix-actuel"><span>2.57€</span></div></div><div class="infos-produit-2"><a title="Voir le produit" href="http://www.refonte.auchandirect.fr/hygiène-beauté/visage/brosses-à-dents-médium/id1/493/16057"><h2>SIGNAL</h2><h4>Brosses à dents médium</h4><h4>4 Saisons</h4><p>
4 pièces
<br/>
0.64€/pièce
</p></a></div><div class="mini_picto_bas"></div></div></div></td><td><!-- PL : ici --><div class="bloc-produit  bientot-dispo"><div class="bloc-produit-content"><a title="Voir le produit" href="http://www.refonte.auchandirect.fr/hygiène-beauté/visage/brosse-à-dents-dure/id1/493/30883"><img src="http://www.refonte.auchandirect.fr/static/images/products/line/30883.jpg" alt="" class="produit "/></a><div class="picto"><span class="invisible"></span></div><div class="boutons-produit"><a class="bt-produit-ajout-panier disable" title="Bientôt disponible" href="javascript:void(0)">Bientôt disponible</a><a id="addProductToShoppingList_54" onclick="javascript:Tapestry.waitForPage(event);" title="Ajouter à ma liste" class="bt-produit-ajout-liste" href="http://www.refonte.auchandirect.fr/rayon.productgridorlist.productlist_1.thumbnailproduct_0.addproducttoshoppinglist/30883?t:ac=764">Ajouter à ma liste</a></div><div class="infos-produit-1"><div class="prix-actuel"><span>2.55€</span></div></div><div class="infos-produit-2"><a title="Voir le produit" href="http://www.refonte.auchandirect.fr/hygiène-beauté/visage/brosse-à-dents-dure/id1/493/30883"><h2>SIGNAL</h2><h4>Brosse à dents dure</h4><h4>Expert confort</h4><p>
1 pièce
<br/>
2.55€/pièce
</p></a></div><div class="mini_picto_bas"></div></div></div></td><td><!-- PL : ici --><div class="bloc-produit "><div class="bloc-produit-content"><a title="Voir le produit" href="http://www.refonte.auchandirect.fr/hygiène-beauté/visage/brosse-à-dents-médium/id1/493/31456"><img src="http://www.refonte.auchandirect.fr/static/images/products/line/31456.jpg" alt="" class="produit "/></a><div class="picto"><span class="invisible"></span></div><div class="boutons-produit"><a id="addProductToBasket_29" onclick="javascript:Tapestry.waitForPage(event);" title="Ajouter au panier" class="bt-produit-ajout-panier" href="http://www.refonte.auchandirect.fr/rayon.productgridorlist.productlist_1.thumbnailproduct_0.addproducttobasket/31456?t:ac=764">Ajouter au panier</a><a id="addProductToShoppingList_55" onclick="javascript:Tapestry.waitForPage(event);" title="Ajouter à ma liste" class="bt-produit-ajout-liste" href="http://www.refonte.auchandirect.fr/rayon.productgridorlist.productlist_1.thumbnailproduct_0.addproducttoshoppinglist/31456?t:ac=764">Ajouter à ma liste</a></div><div class="infos-produit-1"><div class="prix-actuel"><span>2.89€</span></div></div><div class="infos-produit-2"><a title="Voir le produit" href="http://www.refonte.auchandirect.fr/hygiène-beauté/visage/brosse-à-dents-médium/id1/493/31456"><h2>SIGNAL</h2><h4>Brosse à dents médium</h4><h4>Soin Interdentaire</h4><p>
1 pièce
<br/>
2.89€/pièce
</p></a></div><div class="mini_picto_bas"></div></div></div></td></tr><tr><td><!-- PL : ici --><div class="bloc-produit "><div class="bloc-produit-content"><a title="Voir le produit" href="http://www.refonte.auchandirect.fr/hygiène-beauté/visage/brosse-à-dents-médium/id1/493/21809"><img src="http://www.refonte.auchandirect.fr/static/images/products/line/21809.jpg" alt="" class="produit "/></a><div class="picto"><span class="invisible"></span></div><div class="boutons-produit"><a id="addProductToBasket_30" onclick="javascript:Tapestry.waitForPage(event);" title="Ajouter au panier" class="bt-produit-ajout-panier" href="http://www.refonte.auchandirect.fr/rayon.productgridorlist.productlist_1.thumbnailproduct_0.addproducttobasket/21809?t:ac=764">Ajouter au panier</a><a id="addProductToShoppingList_56" onclick="javascript:Tapestry.waitForPage(event);" title="Ajouter à ma liste" class="bt-produit-ajout-liste" href="http://www.refonte.auchandirect.fr/rayon.productgridorlist.productlist_1.thumbnailproduct_0.addproducttoshoppinglist/21809?t:ac=764">Ajouter à ma liste</a></div><div class="infos-produit-1"><div class="prix-actuel"><span>3.28€</span></div></div><div class="infos-produit-2"><a title="Voir le produit" href="http://www.refonte.auchandirect.fr/hygiène-beauté/visage/brosse-à-dents-médium/id1/493/21809"><h2>SIGNAL</h2><h4>Brosse à dents médium</h4><h4>Soin blancheur</h4><p>
1 pièce
<br/>
3.28€/pièce
</p></a></div><div class="mini_picto_bas"></div></div></div></td><td><!-- PL : ici --><div class="bloc-produit "><div class="bloc-produit-content"><a title="Voir le produit" href="http://www.refonte.auchandirect.fr/hygiène-beauté/visage/brosse-à-dents-médium/id1/493/45677"><img src="http://www.refonte.auchandirect.fr/static/images/products/line/45677.jpg" alt="" class="produit "/></a><div class="picto"><span class="invisible"></span></div><div class="boutons-produit"><a id="addProductToBasket_31" onclick="javascript:Tapestry.waitForPage(event);" title="Ajouter au panier" class="bt-produit-ajout-panier" href="http://www.refonte.auchandirect.fr/rayon.productgridorlist.productlist_1.thumbnailproduct_0.addproducttobasket/45677?t:ac=764">Ajouter au panier</a><a id="addProductToShoppingList_57" onclick="javascript:Tapestry.waitForPage(event);" title="Ajouter à ma liste" class="bt-produit-ajout-liste" href="http://www.refonte.auchandirect.fr/rayon.productgridorlist.productlist_1.thumbnailproduct_0.addproducttoshoppinglist/45677?t:ac=764">Ajouter à ma liste</a></div><div class="infos-produit-1"><div class="prix-actuel"><span>4.47€</span></div></div><div class="infos-produit-2"><a title="Voir le produit" href="http://www.refonte.auchandirect.fr/hygiène-beauté/visage/brosse-à-dents-médium/id1/493/45677"><h2>SIGNAL</h2><h4>Brosse à dents médium</h4><h4>Style Tech</h4><p>
1 pièce
<br/>
4.47€/pièce
</p></a></div><div class="mini_picto_bas"></div></div></div></td><td><!-- PL : ici --><div class="bloc-produit  bientot-dispo"><div class="bloc-produit-content"><a title="Voir le produit" href="http://www.refonte.auchandirect.fr/hygiène-beauté/visage/brosse-à-dents-7-13-ans/id1/493/31457"><img src="http://www.refonte.auchandirect.fr/static/images/products/line/31457.jpg" alt="" class="produit "/></a><div class="picto"><span class="invisible"></span></div><div class="boutons-produit"><a class="bt-produit-ajout-panier disable" title="Bientôt disponible" href="javascript:void(0)">Bientôt disponible</a><a id="addProductToShoppingList_58" onclick="javascript:Tapestry.waitForPage(event);" title="Ajouter à ma liste" class="bt-produit-ajout-liste" href="http://www.refonte.auchandirect.fr/rayon.productgridorlist.productlist_1.thumbnailproduct_0.addproducttoshoppinglist/31457?t:ac=764">Ajouter à ma liste</a></div><div class="infos-produit-1"><div class="prix-actuel"><span>2.69€</span></div></div><div class="infos-produit-2"><a title="Voir le produit" href="http://www.refonte.auchandirect.fr/hygiène-beauté/visage/brosse-à-dents-7-13-ans/id1/493/31457"><h2>SIGNAL</h2><h4>Brosse à dents 7-13 ans</h4><h4>Junior</h4><p>
1 pièce
<br/>
2.69€/pièce
</p></a></div><div class="mini_picto_bas"></div></div></div></td></tr><tr><td><!-- PL : ici --><div class="bloc-produit "><div class="bloc-produit-content"><a title="Voir le produit" href="http://www.refonte.auchandirect.fr/hygiène-beauté/visage/brosse-à-dents-médium/id1/493/31455"><img src="http://www.refonte.auchandirect.fr/static/images/products/line/31455.jpg" alt="" class="produit "/></a><div class="picto"><span class="invisible"></span></div><div class="boutons-produit"><a id="addProductToBasket_32" onclick="javascript:Tapestry.waitForPage(event);" title="Ajouter au panier" class="bt-produit-ajout-panier" href="http://www.refonte.auchandirect.fr/rayon.productgridorlist.productlist_1.thumbnailproduct_0.addproducttobasket/31455?t:ac=764">Ajouter au panier</a><a id="addProductToShoppingList_59" onclick="javascript:Tapestry.waitForPage(event);" title="Ajouter à ma liste" class="bt-produit-ajout-liste" href="http://www.refonte.auchandirect.fr/rayon.productgridorlist.productlist_1.thumbnailproduct_0.addproducttoshoppinglist/31455?t:ac=764">Ajouter à ma liste</a></div><div class="infos-produit-1"><div class="prix-actuel"><span>1.97€</span></div></div><div class="infos-produit-2"><a title="Voir le produit" href="http://www.refonte.auchandirect.fr/hygiène-beauté/visage/brosse-à-dents-médium/id1/493/31455"><h2>SIGNAL</h2><h4>Brosse à dents médium</h4><h4>Classic</h4><p>
1 pièce
<br/>
1.97€/pièce
</p></a></div><div class="mini_picto_bas"></div></div></div></td><td><!-- PL : ici --><div class="bloc-produit "><div class="bloc-produit-content"><a title="Voir le produit" href="http://www.refonte.auchandirect.fr/hygiène-beauté/visage/dentifrice-blancheur/id1/493/47693"><img src="http://www.refonte.auchandirect.fr/static/images/products/line/47693.jpg" alt="" class="produit "/></a><div class="picto"><span class="invisible"></span></div><div class="boutons-produit"><a id="addProductToBasket_33" onclick="javascript:Tapestry.waitForPage(event);" title="Ajouter au panier" class="bt-produit-ajout-panier" href="http://www.refonte.auchandirect.fr/rayon.productgridorlist.productlist_1.thumbnailproduct_0.addproducttobasket/47693?t:ac=764">Ajouter au panier</a><a id="addProductToShoppingList_60" onclick="javascript:Tapestry.waitForPage(event);" title="Ajouter à ma liste" class="bt-produit-ajout-liste" href="http://www.refonte.auchandirect.fr/rayon.productgridorlist.productlist_1.thumbnailproduct_0.addproducttoshoppinglist/47693?t:ac=764">Ajouter à ma liste</a></div><div class="infos-produit-1"><div class="prix-actuel"><span>3.93€</span></div></div><div class="infos-produit-2"><a title="Voir le produit" href="http://www.refonte.auchandirect.fr/hygiène-beauté/visage/dentifrice-blancheur/id1/493/47693"><h2>SIGNAL</h2><h4>Dentifrice blancheur</h4><h4>White now</h4><p>
75 ml
<br/>
52.40€/l
</p></a></div><div class="mini_picto_bas"></div></div></div></td><td><!-- PL : ici --><div class="bloc-produit "><div class="bloc-produit-content"><a title="Voir le produit" href="http://www.refonte.auchandirect.fr/hygiène-beauté/visage/dentifrice-au-fluor-et-triclosan/id1/493/100240"><img src="http://www.refonte.auchandirect.fr/static/images/products/line/100240.jpg" alt="" class="produit "/></a><div class="picto"><span class="invisible"></span></div><div class="boutons-produit"><a id="addProductToBasket_34" onclick="javascript:Tapestry.waitForPage(event);" title="Ajouter au panier" class="bt-produit-ajout-panier" href="http://www.refonte.auchandirect.fr/rayon.productgridorlist.productlist_1.thumbnailproduct_0.addproducttobasket/100240?t:ac=764">Ajouter au panier</a><a id="addProductToShoppingList_61" onclick="javascript:Tapestry.waitForPage(event);" title="Ajouter à ma liste" class="bt-produit-ajout-liste" href="http://www.refonte.auchandirect.fr/rayon.productgridorlist.productlist_1.thumbnailproduct_0.addproducttoshoppinglist/100240?t:ac=764">Ajouter à ma liste</a></div><div class="infos-produit-1"><div class="prix-actuel"><span>1.98€</span></div></div><div class="infos-produit-2"><a title="Voir le produit" href="http://www.refonte.auchandirect.fr/hygiène-beauté/visage/dentifrice-au-fluor-et-triclosan/id1/493/100240"><h2>SIGNAL</h2><h4>Dentifrice au fluor et triclosan</h4><h4>Integral 8</h4><p>
75 ml
<br/>
26.40€/l
</p></a></div><div class="mini_picto_bas"></div></div></div></td></tr><tr><td><!-- PL : ici --><div class="bloc-produit  bientot-dispo"><div class="bloc-produit-content"><a title="Voir le produit" href="http://www.refonte.auchandirect.fr/hygiène-beauté/visage/dentifrice-pour-enfants-7-13-ans/id1/493/42974"><img src="http://www.refonte.auchandirect.fr/static/images/products/line/42974.jpg" alt="" class="produit "/></a><div class="picto"><span class="invisible"></span></div><div class="boutons-produit"><a class="bt-produit-ajout-panier disable" title="Bientôt disponible" href="javascript:void(0)">Bientôt disponible</a><a id="addProductToShoppingList_62" onclick="javascript:Tapestry.waitForPage(event);" title="Ajouter à ma liste" class="bt-produit-ajout-liste" href="http://www.refonte.auchandirect.fr/rayon.productgridorlist.productlist_1.thumbnailproduct_0.addproducttoshoppinglist/42974?t:ac=764">Ajouter à ma liste</a></div><div class="infos-produit-1"><div class="prix-actuel"><span>2.20€</span></div></div><div class="infos-produit-2"><a title="Voir le produit" href="http://www.refonte.auchandirect.fr/hygiène-beauté/visage/dentifrice-pour-enfants-7-13-ans/id1/493/42974"><h2>SIGNAL</h2><h4>Dentifrice pour enfants 7-13 ans</h4><h4>Junior</h4><p>
75 ml
<br/>
29.33€/l
</p></a></div><div class="mini_picto_bas"></div></div></div></td><td><!-- PL : ici --><div class="bloc-produit "><div class="bloc-produit-content"><a title="Voir le produit" href="http://www.refonte.auchandirect.fr/hygiène-beauté/visage/dentifrice/id1/493/41251"><img src="http://www.refonte.auchandirect.fr/static/images/products/line/41251.jpg" alt="" class="produit "/></a><div class="picto"><span class="invisible"></span></div><div class="boutons-produit"><a id="addProductToBasket_35" onclick="javascript:Tapestry.waitForPage(event);" title="Ajouter au panier" class="bt-produit-ajout-panier" href="http://www.refonte.auchandirect.fr/rayon.productgridorlist.productlist_1.thumbnailproduct_0.addproducttobasket/41251?t:ac=764">Ajouter au panier</a><a id="addProductToShoppingList_63" onclick="javascript:Tapestry.waitForPage(event);" title="Ajouter à ma liste" class="bt-produit-ajout-liste" href="http://www.refonte.auchandirect.fr/rayon.productgridorlist.productlist_1.thumbnailproduct_0.addproducttoshoppinglist/41251?t:ac=764">Ajouter à ma liste</a></div><div class="infos-produit-1"><div class="prix-actuel"><span>2.40€</span></div></div><div class="infos-produit-2"><a title="Voir le produit" href="http://www.refonte.auchandirect.fr/hygiène-beauté/visage/dentifrice/id1/493/41251"><h2>SIGNAL</h2><h4>Dentifrice</h4><h4>Haleine Pure</h4><p>
100 ml
<br/>
24.00€/l
</p></a></div><div class="mini_picto_bas"></div></div></div></td><td><!-- PL : ici --><div class="bloc-produit  bientot-dispo"><div class="bloc-produit-content"><a title="Voir le produit" href="http://www.refonte.auchandirect.fr/hygiène-beauté/visage/dentifrice-aux-sels-minéraux/id1/493/14112"><img src="http://www.refonte.auchandirect.fr/static/images/products/line/14112.jpg" alt="" class="produit "/></a><div class="picto"><span class="invisible"></span></div><div class="boutons-produit"><a class="bt-produit-ajout-panier disable" title="Bientôt disponible" href="javascript:void(0)">Bientôt disponible</a><a id="addProductToShoppingList_64" onclick="javascript:Tapestry.waitForPage(event);" title="Ajouter à ma liste" class="bt-produit-ajout-liste" href="http://www.refonte.auchandirect.fr/rayon.productgridorlist.productlist_1.thumbnailproduct_0.addproducttoshoppinglist/14112?t:ac=764">Ajouter à ma liste</a></div><div class="infos-produit-1"><div class="prix-actuel"><span>1.22€</span></div></div><div class="infos-produit-2"><a title="Voir le produit" href="http://www.refonte.auchandirect.fr/hygiène-beauté/visage/dentifrice-aux-sels-minéraux/id1/493/14112"><h2>SIGNAL</h2><h4>Dentifrice aux sels minéraux</h4><h4>Anti-tartre</h4><p>
75 ml
<br/>
16.27€/l
</p></a></div><div class="mini_picto_bas"></div></div></div></td></tr><tr><td><!-- PL : ici --><div class="bloc-produit "><div class="bloc-produit-content"><a title="Voir le produit" href="http://www.refonte.auchandirect.fr/hygiène-beauté/visage/dentifrice-action-blancheur/id1/493/12001"><img src="http://www.refonte.auchandirect.fr/static/images/products/line/12001.jpg" alt="" class="produit "/></a><div class="picto"><span class="invisible"></span></div><div class="boutons-produit"><a id="addProductToBasket_36" onclick="javascript:Tapestry.waitForPage(event);" title="Ajouter au panier" class="bt-produit-ajout-panier" href="http://www.refonte.auchandirect.fr/rayon.productgridorlist.productlist_1.thumbnailproduct_0.addproducttobasket/12001?t:ac=764">Ajouter au panier</a><a id="addProductToShoppingList_65" onclick="javascript:Tapestry.waitForPage(event);" title="Ajouter à ma liste" class="bt-produit-ajout-liste" href="http://www.refonte.auchandirect.fr/rayon.productgridorlist.productlist_1.thumbnailproduct_0.addproducttoshoppinglist/12001?t:ac=764">Ajouter à ma liste</a></div><div class="infos-produit-1"><div class="prix-actuel"><span>1.87€</span></div></div><div class="infos-produit-2"><a title="Voir le produit" href="http://www.refonte.auchandirect.fr/hygiène-beauté/visage/dentifrice-action-blancheur/id1/493/12001"><h2>SIGNAL</h2><h4>Dentifrice action blancheur</h4><h4>Integral white</h4><p>
75 ml
<br/>
24.93€/l
</p></a></div><div class="mini_picto_bas"></div></div></div></td><td><!-- PL : ici --><div class="bloc-produit  bientot-dispo"><div class="bloc-produit-content"><a title="Voir le produit" href="http://www.refonte.auchandirect.fr/hygiène-beauté/visage/dentifrice-pour-enfants-de-2-à-6-ans/id1/493/31458"><img src="http://www.refonte.auchandirect.fr/static/images/products/line/31458.jpg" alt="" class="produit "/></a><div class="picto"><span class="invisible"></span></div><div class="boutons-produit"><a class="bt-produit-ajout-panier disable" title="Bientôt disponible" href="javascript:void(0)">Bientôt disponible</a><a id="addProductToShoppingList_66" onclick="javascript:Tapestry.waitForPage(event);" title="Ajouter à ma liste" class="bt-produit-ajout-liste" href="http://www.refonte.auchandirect.fr/rayon.productgridorlist.productlist_1.thumbnailproduct_0.addproducttoshoppinglist/31458?t:ac=764">Ajouter à ma liste</a></div><div class="infos-produit-1"><div class="prix-actuel"><span>1.56€</span></div></div><div class="infos-produit-2"><a title="Voir le produit" href="http://www.refonte.auchandirect.fr/hygiène-beauté/visage/dentifrice-pour-enfants-de-2-à-6-ans/id1/493/31458"><h2>SIGNAL</h2><h4>Dentifrice pour enfants de 2 à 6 ans</h4><h4>Kids</h4><p>
50 ml
<br/>
31.20€/l
</p></a></div><div class="mini_picto_bas"></div></div></div></td><td><!-- PL : ici --><div class="bloc-produit "><div class="bloc-produit-content"><a title="Voir le produit" href="http://www.refonte.auchandirect.fr/hygiène-beauté/visage/dentifrice/id1/493/40982"><img src="http://www.refonte.auchandirect.fr/static/images/products/line/40982.jpg" alt="" class="produit "/></a><div class="picto"><span class="invisible"></span></div><div class="boutons-produit"><a id="addProductToBasket_37" onclick="javascript:Tapestry.waitForPage(event);" title="Ajouter au panier" class="bt-produit-ajout-panier" href="http://www.refonte.auchandirect.fr/rayon.productgridorlist.productlist_1.thumbnailproduct_0.addproducttobasket/40982?t:ac=764">Ajouter au panier</a><a id="addProductToShoppingList_67" onclick="javascript:Tapestry.waitForPage(event);" title="Ajouter à ma liste" class="bt-produit-ajout-liste" href="http://www.refonte.auchandirect.fr/rayon.productgridorlist.productlist_1.thumbnailproduct_0.addproducttoshoppinglist/40982?t:ac=764">Ajouter à ma liste</a></div><div class="infos-produit-1"><div class="prix-actuel"><span>1.96€</span></div></div><div class="infos-produit-2"><a title="Voir le produit" href="http://www.refonte.auchandirect.fr/hygiène-beauté/visage/dentifrice/id1/493/40982"><h2>SIGNAL</h2><h4>Dentifrice</h4><h4>Haleine pure</h4><p>
75 ml
<br/>
26.13€/l
</p></a></div><div class="mini_picto_bas"></div></div></div></td></tr><tr><td><!-- PL : ici --><div class="bloc-produit "><div class="bloc-produit-content"><a title="Voir le produit" href="http://www.refonte.auchandirect.fr/hygiène-beauté/visage/dentifrice-white-now/id1/493/75511"><img src="http://www.refonte.auchandirect.fr/static/images/products/line/75511.jpg" alt="" class="produit "/></a><div class="picto"><span class="invisible"></span></div><div class="boutons-produit"><a id="addProductToBasket_38" onclick="javascript:Tapestry.waitForPage(event);" title="Ajouter au panier" class="bt-produit-ajout-panier" href="http://www.refonte.auchandirect.fr/rayon.productgridorlist.productlist_1.thumbnailproduct_0.addproducttobasket/75511?t:ac=764">Ajouter au panier</a><a id="addProductToShoppingList_68" onclick="javascript:Tapestry.waitForPage(event);" title="Ajouter à ma liste" class="bt-produit-ajout-liste" href="http://www.refonte.auchandirect.fr/rayon.productgridorlist.productlist_1.thumbnailproduct_0.addproducttoshoppinglist/75511?t:ac=764">Ajouter à ma liste</a></div><div class="infos-produit-1"><div class="prix-actuel"><span>3.28€</span></div></div><div class="infos-produit-2"><a title="Voir le produit" href="http://www.refonte.auchandirect.fr/hygiène-beauté/visage/dentifrice-white-now/id1/493/75511"><h2>SIGNAL</h2><h4>Dentifrice white now</h4><h4>Ice tube</h4><p>
75 ml
<br/>
4.37€/l
</p></a></div><div class="mini_picto_bas"></div></div></div></td><td><!-- PL : ici --><div class="bloc-produit "><div class="bloc-produit-content"><a title="Voir le produit" href="http://www.refonte.auchandirect.fr/hygiène-beauté/visage/dentifrice-pour-enfant-3-6-ans/id1/493/76742"><img src="http://www.refonte.auchandirect.fr/static/images/products/line/76742.jpg" alt="" class="produit "/></a><div class="picto"><span class="invisible"></span></div><div class="boutons-produit"><a id="addProductToBasket_39" onclick="javascript:Tapestry.waitForPage(event);" title="Ajouter au panier" class="bt-produit-ajout-panier" href="http://www.refonte.auchandirect.fr/rayon.productgridorlist.productlist_1.thumbnailproduct_0.addproducttobasket/76742?t:ac=764">Ajouter au panier</a><a id="addProductToShoppingList_69" onclick="javascript:Tapestry.waitForPage(event);" title="Ajouter à ma liste" class="bt-produit-ajout-liste" href="http://www.refonte.auchandirect.fr/rayon.productgridorlist.productlist_1.thumbnailproduct_0.addproducttoshoppinglist/76742?t:ac=764">Ajouter à ma liste</a></div><div class="infos-produit-1"><div class="prix-actuel"><span>1.75€</span></div></div><div class="infos-produit-2"><a title="Voir le produit" href="http://www.refonte.auchandirect.fr/hygiène-beauté/visage/dentifrice-pour-enfant-3-6-ans/id1/493/76742"><h2>SIGNAL</h2><h4>Dentifrice pour enfant 3-6 ans</h4><h4>Fraise</h4><p>
50 ml
<br/>
3.50€/l
</p></a></div><div class="mini_picto_bas"></div></div></div></td><td><!-- PL : ici --><div class="bloc-produit "><div class="bloc-produit-content"><a title="Voir le produit" href="http://www.refonte.auchandirect.fr/hygiène-beauté/visage/dentifrice-sensitive-expert/id1/493/76130"><img src="http://www.refonte.auchandirect.fr/static/images/products/line/76130.jpg" alt="" class="produit "/></a><div class="picto"><span class="invisible"></span></div><div class="boutons-produit"><a id="addProductToBasket_40" onclick="javascript:Tapestry.waitForPage(event);" title="Ajouter au panier" class="bt-produit-ajout-panier" href="http://www.refonte.auchandirect.fr/rayon.productgridorlist.productlist_1.thumbnailproduct_0.addproducttobasket/76130?t:ac=764">Ajouter au panier</a><a id="addProductToShoppingList_70" onclick="javascript:Tapestry.waitForPage(event);" title="Ajouter à ma liste" class="bt-produit-ajout-liste" href="http://www.refonte.auchandirect.fr/rayon.productgridorlist.productlist_1.thumbnailproduct_0.addproducttoshoppinglist/76130?t:ac=764">Ajouter à ma liste</a></div><div class="infos-produit-1"><div class="prix-actuel"><span>3.55€</span></div></div><div class="infos-produit-2"><a title="Voir le produit" href="http://www.refonte.auchandirect.fr/hygiène-beauté/visage/dentifrice-sensitive-expert/id1/493/76130"><h2>SIGNAL</h2><h4>Dentifrice sensitive expert</h4><h4></h4><p>
75 ml
<br/>
4.73€/l
</p></a></div><div class="mini_picto_bas"></div></div></div></td></tr><tr><td><!-- PL : ici --><div class="bloc-produit "><div class="bloc-produit-content"><a title="Voir le produit" href="http://www.refonte.auchandirect.fr/hygiène-beauté/visage/dentifrice-expert/id1/493/99513"><img src="http://www.refonte.auchandirect.fr/static/images/products/line/99513.jpg" alt="" class="produit "/></a><div class="picto"><span class="invisible"></span></div><div class="boutons-produit"><a id="addProductToBasket_41" onclick="javascript:Tapestry.waitForPage(event);" title="Ajouter au panier" class="bt-produit-ajout-panier" href="http://www.refonte.auchandirect.fr/rayon.productgridorlist.productlist_1.thumbnailproduct_0.addproducttobasket/99513?t:ac=764">Ajouter au panier</a><a id="addProductToShoppingList_71" onclick="javascript:Tapestry.waitForPage(event);" title="Ajouter à ma liste" class="bt-produit-ajout-liste" href="http://www.refonte.auchandirect.fr/rayon.productgridorlist.productlist_1.thumbnailproduct_0.addproducttoshoppinglist/99513?t:ac=764">Ajouter à ma liste</a></div><div class="infos-produit-1"><div class="prix-actuel"><span>3.34€</span></div></div><div class="infos-produit-2"><a title="Voir le produit" href="http://www.refonte.auchandirect.fr/hygiène-beauté/visage/dentifrice-expert/id1/493/99513"><h2>SIGNAL</h2><h4>Dentifrice expert</h4><h4>Protection complet</h4><p>
75 ml
<br/>
4.45€/l
</p></a></div><div class="mini_picto_bas"></div></div></div></td><td><!-- PL : ici --><div class="bloc-produit  bientot-dispo"><div class="bloc-produit-content"><a title="Voir le produit" href="http://www.refonte.auchandirect.fr/hygiène-beauté/visage/brosse-à-dents-avec-ventouse-dès-3-ans/id1/493/1471"><img src="http://www.refonte.auchandirect.fr/static/images/products/line/1471.jpg" alt="" class="produit "/></a><div class="picto"><span class="invisible"></span></div><div class="boutons-produit"><a class="bt-produit-ajout-panier disable" title="Bientôt disponible" href="javascript:void(0)">Bientôt disponible</a><a id="addProductToShoppingList_72" onclick="javascript:Tapestry.waitForPage(event);" title="Ajouter à ma liste" class="bt-produit-ajout-liste" href="http://www.refonte.auchandirect.fr/rayon.productgridorlist.productlist_1.thumbnailproduct_0.addproducttoshoppinglist/1471?t:ac=764">Ajouter à ma liste</a></div><div class="infos-produit-1"><div class="prix-actuel"><span>2.59€</span></div></div><div class="infos-produit-2"><a title="Voir le produit" href="http://www.refonte.auchandirect.fr/hygiène-beauté/visage/brosse-à-dents-avec-ventouse-dès-3-ans/id1/493/1471"><h2>SIGNAL PLUS</h2><h4>Brosse à dents avec ventouse dès 3 ans</h4><h4>Kids</h4><p>
1 pièce
<br/>
2.59€/pièce
</p></a></div><div class="mini_picto_bas"></div></div></div></td><td><!-- PL : ici --><div class="bloc-produit "><div class="bloc-produit-content"><a title="Voir le produit" href="http://www.refonte.auchandirect.fr/hygiène-beauté/visage/dentifrice-fluor-et-calcium/id1/493/101020"><img src="http://www.refonte.auchandirect.fr/static/images/products/line/101020.jpg" alt="" class="produit "/></a><div class="picto"><span class="invisible"></span></div><div class="boutons-produit"><a id="addProductToBasket_42" onclick="javascript:Tapestry.waitForPage(event);" title="Ajouter au panier" class="bt-produit-ajout-panier" href="http://www.refonte.auchandirect.fr/rayon.productgridorlist.productlist_1.thumbnailproduct_0.addproducttobasket/101020?t:ac=764">Ajouter au panier</a><a id="addProductToShoppingList_73" onclick="javascript:Tapestry.waitForPage(event);" title="Ajouter à ma liste" class="bt-produit-ajout-liste" href="http://www.refonte.auchandirect.fr/rayon.productgridorlist.productlist_1.thumbnailproduct_0.addproducttoshoppinglist/101020?t:ac=764">Ajouter à ma liste</a></div><div class="infos-produit-1"><div class="prix-actuel"><span>2.34€</span></div></div><div class="infos-produit-2"><a title="Voir le produit" href="http://www.refonte.auchandirect.fr/hygiène-beauté/visage/dentifrice-fluor-et-calcium/id1/493/101020"><h2>SIGNAL PLUS</h2><h4>Dentifrice fluor et calcium</h4><h4>Protection caries</h4><p>
100 ml
<br/>
23.40€/l
</p></a></div><div class="mini_picto_bas"></div></div></div></td></tr><tr><td><!-- PL : ici --><div class="bloc-produit "><div class="bloc-produit-content"><a title="Voir le produit" href="http://www.refonte.auchandirect.fr/hygiène-beauté/visage/dentifrice/id1/493/100062"><img src="http://www.refonte.auchandirect.fr/static/images/products/line/100062.jpg" alt="" class="produit "/></a><div class="picto"><span class="invisible"></span></div><div class="boutons-produit"><a id="addProductToBasket_43" onclick="javascript:Tapestry.waitForPage(event);" title="Ajouter au panier" class="bt-produit-ajout-panier" href="http://www.refonte.auchandirect.fr/rayon.productgridorlist.productlist_1.thumbnailproduct_0.addproducttobasket/100062?t:ac=764">Ajouter au panier</a><a id="addProductToShoppingList_74" onclick="javascript:Tapestry.waitForPage(event);" title="Ajouter à ma liste" class="bt-produit-ajout-liste" href="http://www.refonte.auchandirect.fr/rayon.productgridorlist.productlist_1.thumbnailproduct_0.addproducttoshoppinglist/100062?t:ac=764">Ajouter à ma liste</a></div><div class="infos-produit-1"><div class="prix-actuel"><span>3.93€</span></div></div><div class="infos-produit-2"><a title="Voir le produit" href="http://www.refonte.auchandirect.fr/hygiène-beauté/visage/dentifrice/id1/493/100062"><h2>SIGNAL PLUS</h2><h4>Dentifrice</h4><h4>Système blancheur</h4><p>
75 ml
<br/>
52.40€/l
</p></a></div><div class="mini_picto_bas"></div></div></div></td><td><!-- PL : ici --><div class="bloc-produit  bientot-dispo"><div class="bloc-produit-content"><a title="Voir le produit" href="http://www.refonte.auchandirect.fr/hygiène-beauté/visage/dentifrice-au-fluor-et-calcium/id1/493/100223"><img src="http://www.refonte.auchandirect.fr/static/images/products/line/100223.jpg" alt="" class="produit "/></a><div class="picto"><span class="invisible"></span></div><div class="boutons-produit"><a class="bt-produit-ajout-panier disable" title="Bientôt disponible" href="javascript:void(0)">Bientôt disponible</a><a id="addProductToShoppingList_75" onclick="javascript:Tapestry.waitForPage(event);" title="Ajouter à ma liste" class="bt-produit-ajout-liste" href="http://www.refonte.auchandirect.fr/rayon.productgridorlist.productlist_1.thumbnailproduct_0.addproducttoshoppinglist/100223?t:ac=764">Ajouter à ma liste</a></div><div class="infos-produit-1"><div class="prix-actuel"><span>1.19€</span></div></div><div class="infos-produit-2"><a title="Voir le produit" href="http://www.refonte.auchandirect.fr/hygiène-beauté/visage/dentifrice-au-fluor-et-calcium/id1/493/100223"><h2>SIGNAL PLUS</h2><h4>Dentifrice au fluor et calcium</h4><h4>Protection caries</h4><p>
75 ml
<br/>
15.87€/l
</p></a></div><div class="mini_picto_bas"></div></div></div></td><td><!-- PL : ici --><div class="bloc-produit  bientot-dispo"><div class="bloc-produit-content"><a title="Voir le produit" href="http://www.refonte.auchandirect.fr/hygiène-beauté/visage/dentifrice-trectol-et-vitamines/id1/493/100225"><img src="http://www.refonte.auchandirect.fr/static/images/products/line/100225.jpg" alt="" class="produit "/></a><div class="picto"><span class="invisible"></span></div><div class="boutons-produit"><a class="bt-produit-ajout-panier disable" title="Bientôt disponible" href="javascript:void(0)">Bientôt disponible</a><a id="addProductToShoppingList_76" onclick="javascript:Tapestry.waitForPage(event);" title="Ajouter à ma liste" class="bt-produit-ajout-liste" href="http://www.refonte.auchandirect.fr/rayon.productgridorlist.productlist_1.thumbnailproduct_0.addproducttoshoppinglist/100225?t:ac=764">Ajouter à ma liste</a></div><div class="infos-produit-1"><div class="prix-actuel"><span>1.24€</span></div></div><div class="infos-produit-2"><a title="Voir le produit" href="http://www.refonte.auchandirect.fr/hygiène-beauté/visage/dentifrice-trectol-et-vitamines/id1/493/100225"><h2>SIGNAL PLUS</h2><h4>Dentifrice trectol et vitamines</h4><h4>Soin gencives</h4><p>
75 ml
<br/>
16.53€/l
</p></a></div><div class="mini_picto_bas"></div></div></div></td></tr><tr><td><!-- PL : ici --><div class="bloc-produit  bientot-dispo"><div class="bloc-produit-content"><a title="Voir le produit" href="http://www.refonte.auchandirect.fr/hygiène-beauté/visage/dentifrice-2-en-1/id1/493/100663"><img src="http://www.refonte.auchandirect.fr/static/images/products/line/100663.jpg" alt="" class="produit "/></a><div class="picto"><span class="invisible"></span></div><div class="boutons-produit"><a class="bt-produit-ajout-panier disable" title="Bientôt disponible" href="javascript:void(0)">Bientôt disponible</a><a id="addProductToShoppingList_77" onclick="javascript:Tapestry.waitForPage(event);" title="Ajouter à ma liste" class="bt-produit-ajout-liste" href="http://www.refonte.auchandirect.fr/rayon.productgridorlist.productlist_1.thumbnailproduct_0.addproducttoshoppinglist/100663?t:ac=764">Ajouter à ma liste</a></div><div class="infos-produit-1"><div class="prix-actuel"><span>2.67€</span></div></div><div class="infos-produit-2"><a title="Voir le produit" href="http://www.refonte.auchandirect.fr/hygiène-beauté/visage/dentifrice-2-en-1/id1/493/100663"><h2>TERAXYL</h2><h4>Dentifrice 2 en 1</h4><h4>Junior</h4><p>
75 ml
<br/>
35.60€/l
</p></a></div><div class="mini_picto_bas"></div></div></div></td><td><!-- PL : ici --><div class="bloc-produit "><div class="bloc-produit-content"><a title="Voir le produit" href="http://www.refonte.auchandirect.fr/hygiène-beauté/visage/dentifrice-et-solution-dentaire-2-en-1-fraîcheur-menthe/id1/493/2289"><img src="http://www.refonte.auchandirect.fr/static/images/products/line/2289.jpg" alt="" class="produit "/></a><div class="picto"><span class="invisible"></span></div><div class="boutons-produit"><a id="addProductToBasket_44" onclick="javascript:Tapestry.waitForPage(event);" title="Ajouter au panier" class="bt-produit-ajout-panier" href="http://www.refonte.auchandirect.fr/rayon.productgridorlist.productlist_1.thumbnailproduct_0.addproducttobasket/2289?t:ac=764">Ajouter au panier</a><a id="addProductToShoppingList_78" onclick="javascript:Tapestry.waitForPage(event);" title="Ajouter à ma liste" class="bt-produit-ajout-liste" href="http://www.refonte.auchandirect.fr/rayon.productgridorlist.productlist_1.thumbnailproduct_0.addproducttoshoppinglist/2289?t:ac=764">Ajouter à ma liste</a></div><div class="infos-produit-1"><div class="prix-actuel"><span>2.35€</span></div></div><div class="infos-produit-2"><a title="Voir le produit" href="http://www.refonte.auchandirect.fr/hygiène-beauté/visage/dentifrice-et-solution-dentaire-2-en-1-fraîcheur-menthe/id1/493/2289"><h2>TERAXYL</h2><h4>Dentifrice et solution dentaire 2 en 1 fraîcheur menthe</h4><h4>Chrono-active</h4><p>
75 ml
<br/>
31.33€/l
</p></a></div><div class="mini_picto_bas"></div></div></div></td><td><!-- PL : ici --><div class="bloc-produit  bientot-dispo"><div class="bloc-produit-content"><a title="Voir le produit" href="http://www.refonte.auchandirect.fr/hygiène-beauté/visage/dentifrice-et-solution-dentaire-blancheur-2-en-1/id1/493/1239"><img src="http://www.refonte.auchandirect.fr/static/images/products/line/1239.jpg" alt="" class="produit "/></a><div class="picto"><span class="invisible"></span></div><div class="boutons-produit"><a class="bt-produit-ajout-panier disable" title="Bientôt disponible" href="javascript:void(0)">Bientôt disponible</a><a id="addProductToShoppingList_79" onclick="javascript:Tapestry.waitForPage(event);" title="Ajouter à ma liste" class="bt-produit-ajout-liste" href="http://www.refonte.auchandirect.fr/rayon.productgridorlist.productlist_1.thumbnailproduct_0.addproducttoshoppinglist/1239?t:ac=764">Ajouter à ma liste</a></div><div class="infos-produit-1"><div class="prix-actuel"><span>2.39€</span></div></div><div class="infos-produit-2"><a title="Voir le produit" href="http://www.refonte.auchandirect.fr/hygiène-beauté/visage/dentifrice-et-solution-dentaire-blancheur-2-en-1/id1/493/1239"><h2>TERAXYL</h2><h4>Dentifrice et solution dentaire blancheur 2 en 1</h4><h4>Chrono-active</h4><p>
75 ml
<br/>
31.87€/l
</p></a></div><div class="mini_picto_bas"></div></div></div></td></tr><tr><td><!-- PL : ici --><div class="bloc-produit "><div class="bloc-produit-content"><a title="Voir le produit" href="http://www.refonte.auchandirect.fr/hygiène-beauté/visage/dentifrice-fluor-en-tube/id1/493/100297"><img src="http://www.refonte.auchandirect.fr/static/images/products/line/100297.jpg" alt="" class="produit "/></a><div class="picto"><span class="invisible"></span></div><div class="boutons-produit"><a id="addProductToBasket_45" onclick="javascript:Tapestry.waitForPage(event);" title="Ajouter au panier" class="bt-produit-ajout-panier" href="http://www.refonte.auchandirect.fr/rayon.productgridorlist.productlist_1.thumbnailproduct_0.addproducttobasket/100297?t:ac=764">Ajouter au panier</a><a id="addProductToShoppingList_80" onclick="javascript:Tapestry.waitForPage(event);" title="Ajouter à ma liste" class="bt-produit-ajout-liste" href="http://www.refonte.auchandirect.fr/rayon.productgridorlist.productlist_1.thumbnailproduct_0.addproducttoshoppinglist/100297?t:ac=764">Ajouter à ma liste</a></div><div class="infos-produit-1"><div class="prix-actuel"><span>2.34€</span></div></div><div class="infos-produit-2"><a title="Voir le produit" href="http://www.refonte.auchandirect.fr/hygiène-beauté/visage/dentifrice-fluor-en-tube/id1/493/100297"><h2>VADEMECUM</h2><h4>Dentifrice fluor en tube</h4><h4>Plantes</h4><p>
75 ml
<br/>
31.20€/l
</p></a></div><div class="mini_picto_bas"></div></div></div></td><td><!-- PL : ici --><div class="bloc-produit  bientot-dispo"><div class="bloc-produit-content"><a title="Voir le produit" href="http://www.refonte.auchandirect.fr/hygiène-beauté/visage/dentifrice-au-fluor-sans-menthe/id1/493/1844"><img src="http://www.refonte.auchandirect.fr/static/images/products/line/1844.jpg" alt="" class="produit "/></a><div class="picto"><span class="invisible"></span></div><div class="boutons-produit"><a class="bt-produit-ajout-panier disable" title="Bientôt disponible" href="javascript:void(0)">Bientôt disponible</a><a id="addProductToShoppingList_81" onclick="javascript:Tapestry.waitForPage(event);" title="Ajouter à ma liste" class="bt-produit-ajout-liste" href="http://www.refonte.auchandirect.fr/rayon.productgridorlist.productlist_1.thumbnailproduct_0.addproducttoshoppinglist/1844?t:ac=764">Ajouter à ma liste</a></div><div class="infos-produit-1"><div class="prix-actuel"><span>2.08€</span></div></div><div class="infos-produit-2"><a title="Voir le produit" href="http://www.refonte.auchandirect.fr/hygiène-beauté/visage/dentifrice-au-fluor-sans-menthe/id1/493/1844"><h2>VADEMECUM</h2><h4>Dentifrice au fluor sans menthe</h4><h4>Homéophytol</h4><p>
75 ml
<br/>
27.73€/l
</p></a></div><div class="mini_picto_bas"></div></div></div></td><td></td></tr></table></div></div></div><!-- t:zone t:id="productListZone" t:update="show">
							<t:if test="specificCategory">
								<div id="${productListDivId}" class="liste clear-container">
									<bean t:type="products/lists/productList" categoryId="categoryId" products="products" listType="displayType" specifCategory="true" />
								</div>
							<p:else>
								<div id="${productListDivId}" class="liste clear-container">
									<bean t:type="products/lists/productList" categoryId="categoryId" products="products" listType="displayType" />
								</div>
							</p:else>
							</t:if>
						</t:zone --><!-- Bannière bas --><div class="zone-admin diff-zone"></div><!--  --><div class="clear-container" id="liste-produits-infos"><p>
Si vous avez des suggestions de produits,
<a id="suggestionPopup" onclick="javascript:Tapestry.waitForPage(event);" class="orange-link" shape="rect" href="http://www.refonte.auchandirect.fr/rayon.suggestionpopup?t:ac=764">dites-le nous !</a><span class="backtotop"><a shape="rect" href="764.html#top">Retour en haut de page</a></span></p></div></div><div style="position: relative" class="right-content"><div style="position: relative" id="wrapper_for_fixed_content"><!-- <div id="wrapper_for_fixed_content" xmlns:t="http://tapestry.apache.org/schema/tapestry_5_1_0.xsd" xmlns:p="tapestry:parameter"> --><div id="tout-en-un-client"><div class="item first" id="tout-en-un-compte"><h3>Mon Compte</h3><p><a id="eventlink" onclick="javascript:Tapestry.waitForPage(event);" href="http://www.refonte.auchandirect.fr/rayon.customerinfos:showsigninpopup?t:ac=764">Identifiez-vous</a><a> - </a><a id="registerPopup" onclick="javascript:Tapestry.waitForPage(event);" href="http://www.refonte.auchandirect.fr/rayon.customerinfos.registerpopup?t:ac=764">Inscrivez-vous</a></p></div><div class="item" id="tout-en-un-commandes"><h3>Mes commandes</h3><p><a id="popupAuth" onclick="javascript:Tapestry.waitForPage(event);" href="http://www.refonte.auchandirect.fr/rayon.customerinfos.popupauth?t:ac=764">Consultez vos commandes en cours et passées</a></p></div><div class="item" id="tout-en-un-livraison"><h3>
Ma livraison
</h3><p class="t-zone" id="slotInfoZone"><a id="showSlotTab" onclick="javascript:Tapestry.waitForPage(event);" href="http://www.refonte.auchandirect.fr/rayon.customerinfos.slotinfo.showslottab?t:ac=764"><span class="item-texte">
Prochaine livraison possible
</span><span class="item-date">mardi 15/01 entre 08h00 et 10h00</span></a></p></div><div class="t-zone" id="accountSummaryTabContentZone"><div id="onglets"><ul class="menu menu-horizontal tabs float-container"><li><a id="basket" onclick="javascript:Tapestry.waitForPage(event);" title="Mon panier" class="onglet-panier current" href="http://www.refonte.auchandirect.fr/rayon.customerinfos.basket?t:ac=764"><span class="invisible">Mon panier</span></a></li><li><a id="lists" onclick="javascript:Tapestry.waitForPage(event);" title="Mes listes" class="onglet-listes " href="http://www.refonte.auchandirect.fr/rayon.customerinfos.lists?t:ac=764"><span class="invisible">Mes listes</span></a></li><li><a id="topBasket" onclick="javascript:Tapestry.waitForPage(event);" title="Lancer mon top panier" class="onglet-top-panier " href="http://www.refonte.auchandirect.fr/rayon.customerinfos.topbasket?t:ac=764"><span class="invisible">[[missing key: customerInfos.top]]</span></a></li></ul><div class="panes"><div class="item" id="panel-panier"><div class="t-zone" id="completeMiniBasketZone"><div class="t-zone" id="miniBasket"><p>Votre panier est vide</p><ul class="menu menu-horizontal"><li><a title="Voir le détails de votre panier" class="panier-bt-voir" href="../../../../monpanier.html"></a></li></ul></div><div class="bouton-right-container"><div class="container-bouton-type1"><a id="validateBasket" onclick="javascript:Tapestry.waitForPage(event);" class="bouton-type1" href="http://www.refonte.auchandirect.fr/rayon.customerinfos.minibasket.validatebasket?t:ac=764">
Valider mon panier
</a></div></div><div class="clear"></div></div></div></div></div></div></div><!-- </div> --><!-- <bean t:type="misc/commitment/expandedCommitment" /> --></div></div></div></div><!-- div class="float-container" id="footer-menu-annexe" xmlns:t="http://tapestry.apache.org/schema/tapestry_5_1_0.xsd">
	<ul class="menu menu-horizontal">
		<li>
			<t:pagelink t:page="apropos/engagement">
				<t:outputraw value="message:link.engagement.lbl" />
			</t:pagelink>
		</li>
		<li>
			<t:pagelink t:page="apropos/contact">
				<t:outputraw value="message:link.contact.lbl" />
			</t:pagelink>
		</li>
		<li>
			<t:pagelink t:page="apropos/faq">
				<t:outputraw value="message:link.faq.lbl" />
			</t:pagelink>
		</li>
		<li>
			<t:pagelink t:page="apropos/cgv">
				<t:outputraw value="message:link.cgv.lbl" />
			</t:pagelink>
		</li>
		<li>
			<t:pagelink t:page="apropos/operations">
				<t:outputraw value="message:link.operations.lbl" />
			</t:pagelink>
		</li>
		<li>
			<t:pagelink t:page="apropos/legal">
				<t:outputraw value="message:link.legal.lbl" />
			</t:pagelink>
		</li>
	</ul>
</div --><div id="footer-menu-annexe" class="float-container">
<ul class="menu menu-horizontal">
	<li><a href="http://www.refonte.auchandirect.fr/apropos/engagement">Engagements</a></li>
	<li><a href="http://www.refonte.auchandirect.fr/apropos/contact">Contactez-nous</a></li>
	<li><a href="http://www.refonte.auchandirect.fr/apropos/faq">FAQ</a></li>
	<li><a href="http://www.refonte.auchandirect.fr/apropos/cgv">Conditions g&eacute;n&eacute;rales de vente</a></li>
	<li><a href="http://www.refonte.auchandirect.fr/apropos/operations">Op&eacute;rations commerciales</a></li>
	<li><a href="http://www.refonte.auchandirect.fr/apropos/legal">Mentions l&eacute;gales</a></li>
	<li><a href="../../../../actus.html">Actualit&eacute;s</a> </li>
</ul>
</div>
<!-- div class="float-container" id="footer-infos" xmlns:t="http://tapestry.apache.org/schema/tapestry_5_1_0.xsd">
	<div id="info-facebook">
		<a href="http://www.facebook.com/Auchandirect.fr" target="_blank">
			<img width="26" height="26" alt="${message:facebook.img.alt}" src="/static/images/icone-facebook.png" />
		</a>
		<a href="http://www.facebook.com/Auchandirect.fr" target="_blank">	
			<span><t:outputraw value="message:facebook.fan.lbl" /></span>
		</a>
	</div>
	<div id="infos-contact">
		<div id="infos-contact-titre">
			<t:outputraw value="message:info.contact.lbl" />
		</div>
		<div id="infos-contact-tel">
			<t:outputraw value="message:info.phone.lbl" />
		</div>
		<div id="infos-contact-mail">
			<t:outputraw value="message:info.mail.lbl" />
		</div>
		<div id="eco-responsable">
			<img src="/static/images/picto-carton.png" width="142" height="126" alt="${message:eco.resp.alt}" />
		</div>
	</div>
</div --><div id="footer-infos" class="float-container">
<div id="info-facebook">
<a href="http://www.facebook.com/Auchandirect.fr" target="_blank"><img src="http://www.refonte.auchandirect.fr/static/images/icone-facebook.png" alt="auchandirect sur facebook" width="26" height="26" /></a><a href="http://www.facebook.com/Auchandirect.fr" target="_blank"><span>Devenez fan !</span></a>
</div>
<div id="infos-contact">
<div id="infos-contact-titre">
Contactez votre service client :
</div>
<div id="infos-contact-tel">
<strong>Par t&eacute;l&eacute;phone : 01 56 30 91 00 </strong>Du lundi au vendredi de 8H &agrave; 22H et le samedi de 9H &agrave; 18H (Appel non surtax&eacute;)
</div>
<div id="infos-contact-mail">
<strong>Par email : <a href="mailto:client@auchandirect.fr">client@auchandirect.fr</a></strong>
</div>
<div id="eco-responsable">
<img src="http://www.refonte.auchandirect.fr/static/images/picto-carton.png" alt="eco-responsable" width="142" height="126" />
</div>
</div>
</div>
</div><div class="t-zone" id="popupZone"></div><div class="t-zone" id="secondPopupZone"></div><div class="t-zone" id="closePopupZone"></div><a style="display:none;" id="showPopupLink" href="764.html#popupContent" class="fancylink"></a><div style="display:none"><div class="t-zone" id="forceAjax"></div></div><script type="text/javascript">
var gaJsHost = (("https:" == document.location.protocol) ? "https://ssl." : "http://www.");
document.write(unescape("%3Cscript src='" + gaJsHost + "google-analytics.com/ga.js' type='text/javascript'%3E%3C/script%3E"));
</script><script type="text/javascript">
var pageTracker = _gat._getTracker("UA-3062526-1");
pageTracker._initData();
pageTracker._trackPageview();
pageTracker._trackPageLoadTime();
</script><script type="text/javascript">Tapestry.onDOMLoaded(function() {
Tapestry.init({"popup":[[]],"zone":[{"update":"show","element":"headerListZone"},{"update":"show","element":"productDisplayTypeZone"},{"update":"show","element":"labelZone"},{"update":"show","element":"moreProductListZone"},{"update":"show","element":"productListZone"},{"update":"show","element":"slotInfoZone"},{"update":"show","element":"accountSummaryTabContentZone"},{"update":"show","element":"completeMiniBasketZone"},{"update":"show","element":"miniBasket"},{"update":"show","element":"popupZone"},{"update":"show","element":"secondPopupZone"},{"update":"show","element":"closePopupZone"},"forceAjax"],"linkZone":[["newsLetterPopup","forceAjax","/rayon.pagetemplate.header.headertop.newsletterpopup?t:ac=764"],["sortForm","productListZone","/rayon.productgridorlist.sortform"],["list","productListZone","/rayon.productgridorlist.list?t:ac=764"],["thumbnail","productListZone","/rayon.productgridorlist.thumbnail?t:ac=764"],["viewSubCat","labelZone","/rayon.productgridorlist.viewsubcat/1747?t:ac=764"],["viewSubCat_0","labelZone","/rayon.productgridorlist.viewsubcat/1748?t:ac=764"],["viewSubCat_1","labelZone","/rayon.productgridorlist.viewsubcat/1749?t:ac=764"],["viewSubCat_2","labelZone","/rayon.productgridorlist.viewsubcat/1750?t:ac=764"],["filterPromos","productListZone","/rayon.productgridorlist.filterpromos?t:ac=764"],["filterNews","productListZone","/rayon.productgridorlist.filternews?t:ac=764"],["filterAuchan","productListZone","/rayon.productgridorlist.filterauchan?t:ac=764"],["viewAllBrands","labelZone","/rayon.productgridorlist.viewallbrands?t:ac=764"],["addProductToShoppingList","forceAjax","/rayon.productgridorlist.productlist_1.thumbnailproduct_0.addproducttoshoppinglist/100666?t:ac=764"],["addProductToBasket","forceAjax","/rayon.productgridorlist.productlist_1.thumbnailproduct_0.addproducttobasket/100669?t:ac=764"],["addProductToShoppingList_0","forceAjax","/rayon.productgridorlist.productlist_1.thumbnailproduct_0.addproducttoshoppinglist/100669?t:ac=764"],["addProductToBasket_0","forceAjax","/rayon.productgridorlist.productlist_1.thumbnailproduct_0.addproducttobasket/1761?t:ac=764"],["addProductToShoppingList_1","forceAjax","/rayon.productgridorlist.productlist_1.thumbnailproduct_0.addproducttoshoppinglist/1761?t:ac=764"],["addProductToShoppingList_2","forceAjax","/rayon.productgridorlist.productlist_1.thumbnailproduct_0.addproducttoshoppinglist/72686?t:ac=764"],["addProductToShoppingList_3","forceAjax","/rayon.productgridorlist.productlist_1.thumbnailproduct_0.addproducttoshoppinglist/100963?t:ac=764"],["addProductToShoppingList_4","forceAjax","/rayon.productgridorlist.productlist_1.thumbnailproduct_0.addproducttoshoppinglist/34463?t:ac=764"],["addProductToShoppingList_5","forceAjax","/rayon.productgridorlist.productlist_1.thumbnailproduct_0.addproducttoshoppinglist/47004?t:ac=764"],["addProductToBasket_1","forceAjax","/rayon.productgridorlist.productlist_1.thumbnailproduct_0.addproducttobasket/59157?t:ac=764"],["addProductToShoppingList_6","forceAjax","/rayon.productgridorlist.productlist_1.thumbnailproduct_0.addproducttoshoppinglist/59157?t:ac=764"],["addProductToBasket_2","forceAjax","/rayon.productgridorlist.productlist_1.thumbnailproduct_0.addproducttobasket/23684?t:ac=764"],["addProductToShoppingList_7","forceAjax","/rayon.productgridorlist.productlist_1.thumbnailproduct_0.addproducttoshoppinglist/23684?t:ac=764"],["addProductToShoppingList_8","forceAjax","/rayon.productgridorlist.productlist_1.thumbnailproduct_0.addproducttoshoppinglist/23689?t:ac=764"],["addProductToShoppingList_9","forceAjax","/rayon.productgridorlist.productlist_1.thumbnailproduct_0.addproducttoshoppinglist/31449?t:ac=764"],["addProductToShoppingList_10","forceAjax","/rayon.productgridorlist.productlist_1.thumbnailproduct_0.addproducttoshoppinglist/59158?t:ac=764"],["addProductToBasket_3","forceAjax","/rayon.productgridorlist.productlist_1.thumbnailproduct_0.addproducttobasket/59556?t:ac=764"],["addProductToShoppingList_11","forceAjax","/rayon.productgridorlist.productlist_1.thumbnailproduct_0.addproducttoshoppinglist/59556?t:ac=764"],["addProductToBasket_4","forceAjax","/rayon.productgridorlist.productlist_1.thumbnailproduct_0.addproducttobasket/24481?t:ac=764"],["addProductToShoppingList_12","forceAjax","/rayon.productgridorlist.productlist_1.thumbnailproduct_0.addproducttoshoppinglist/24481?t:ac=764"],["addProductToBasket_5","forceAjax","/rayon.productgridorlist.productlist_1.thumbnailproduct_0.addproducttobasket/40477?t:ac=764"],["addProductToShoppingList_13","forceAjax","/rayon.productgridorlist.productlist_1.thumbnailproduct_0.addproducttoshoppinglist/40477?t:ac=764"],["addProductToShoppingList_14","forceAjax","/rayon.productgridorlist.productlist_1.thumbnailproduct_0.addproducttoshoppinglist/41449?t:ac=764"],["addProductToShoppingList_15","forceAjax","/rayon.productgridorlist.productlist_1.thumbnailproduct_0.addproducttoshoppinglist/41668?t:ac=764"],["addProductToBasket_6","forceAjax","/rayon.productgridorlist.productlist_1.thumbnailproduct_0.addproducttobasket/27039?t:ac=764"],["addProductToShoppingList_16","forceAjax","/rayon.productgridorlist.productlist_1.thumbnailproduct_0.addproducttoshoppinglist/27039?t:ac=764"],["addProductToShoppingList_17","forceAjax","/rayon.productgridorlist.productlist_1.thumbnailproduct_0.addproducttoshoppinglist/91041?t:ac=764"],["addProductToShoppingList_18","forceAjax","/rayon.productgridorlist.productlist_1.thumbnailproduct_0.addproducttoshoppinglist/91036?t:ac=764"],["addProductToShoppingList_19","forceAjax","/rayon.productgridorlist.productlist_1.thumbnailproduct_0.addproducttoshoppinglist/46099?t:ac=764"],["addProductToShoppingList_20","forceAjax","/rayon.productgridorlist.productlist_1.thumbnailproduct_0.addproducttoshoppinglist/55441?t:ac=764"],["addProductToShoppingList_21","forceAjax","/rayon.productgridorlist.productlist_1.thumbnailproduct_0.addproducttoshoppinglist/100888?t:ac=764"],["addProductToShoppingList_22","forceAjax","/rayon.productgridorlist.productlist_1.thumbnailproduct_0.addproducttoshoppinglist/100883?t:ac=764"],["addProductToShoppingList_23","forceAjax","/rayon.productgridorlist.productlist_1.thumbnailproduct_0.addproducttoshoppinglist/22269?t:ac=764"],["addProductToShoppingList_24","forceAjax","/rayon.productgridorlist.productlist_1.thumbnailproduct_0.addproducttoshoppinglist/100884?t:ac=764"],["addProductToBasket_7","forceAjax","/rayon.productgridorlist.productlist_1.thumbnailproduct_0.addproducttobasket/100591?t:ac=764"],["addProductToShoppingList_25","forceAjax","/rayon.productgridorlist.productlist_1.thumbnailproduct_0.addproducttoshoppinglist/100591?t:ac=764"],["addProductToBasket_8","forceAjax","/rayon.productgridorlist.productlist_1.thumbnailproduct_0.addproducttobasket/60497?t:ac=764"],["addProductToShoppingList_26","forceAjax","/rayon.productgridorlist.productlist_1.thumbnailproduct_0.addproducttoshoppinglist/60497?t:ac=764"],["addProductToBasket_9","forceAjax","/rayon.productgridorlist.productlist_1.thumbnailproduct_0.addproducttobasket/75932?t:ac=764"],["addProductToShoppingList_27","forceAjax","/rayon.productgridorlist.productlist_1.thumbnailproduct_0.addproducttoshoppinglist/75932?t:ac=764"],["addProductToBasket_10","forceAjax","/rayon.productgridorlist.productlist_1.thumbnailproduct_0.addproducttobasket/100514?t:ac=764"],["addProductToShoppingList_28","forceAjax","/rayon.productgridorlist.productlist_1.thumbnailproduct_0.addproducttoshoppinglist/100514?t:ac=764"],["addProductToBasket_11","forceAjax","/rayon.productgridorlist.productlist_1.thumbnailproduct_0.addproducttobasket/41222?t:ac=764"],["addProductToShoppingList_29","forceAjax","/rayon.productgridorlist.productlist_1.thumbnailproduct_0.addproducttoshoppinglist/41222?t:ac=764"],["addProductToBasket_12","forceAjax","/rayon.productgridorlist.productlist_1.thumbnailproduct_0.addproducttobasket/43484?t:ac=764"],["addProductToShoppingList_30","forceAjax","/rayon.productgridorlist.productlist_1.thumbnailproduct_0.addproducttoshoppinglist/43484?t:ac=764"],["addProductToBasket_13","forceAjax","/rayon.productgridorlist.productlist_1.thumbnailproduct_0.addproducttobasket/55957?t:ac=764"],["addProductToShoppingList_31","forceAjax","/rayon.productgridorlist.productlist_1.thumbnailproduct_0.addproducttoshoppinglist/55957?t:ac=764"],["addProductToBasket_14","forceAjax","/rayon.productgridorlist.productlist_1.thumbnailproduct_0.addproducttobasket/38802?t:ac=764"],["addProductToShoppingList_32","forceAjax","/rayon.productgridorlist.productlist_1.thumbnailproduct_0.addproducttoshoppinglist/38802?t:ac=764"],["addProductToBasket_15","forceAjax","/rayon.productgridorlist.productlist_1.thumbnailproduct_0.addproducttobasket/91128?t:ac=764"],["addProductToShoppingList_33","forceAjax","/rayon.productgridorlist.productlist_1.thumbnailproduct_0.addproducttoshoppinglist/91128?t:ac=764"],["addProductToBasket_16","forceAjax","/rayon.productgridorlist.productlist_1.thumbnailproduct_0.addproducttobasket/78909?t:ac=764"],["addProductToShoppingList_34","forceAjax","/rayon.productgridorlist.productlist_1.thumbnailproduct_0.addproducttoshoppinglist/78909?t:ac=764"],["addProductToShoppingList_35","forceAjax","/rayon.productgridorlist.productlist_1.thumbnailproduct_0.addproducttoshoppinglist/14279?t:ac=764"],["addProductToBasket_17","forceAjax","/rayon.productgridorlist.productlist_1.thumbnailproduct_0.addproducttobasket/55818?t:ac=764"],["addProductToShoppingList_36","forceAjax","/rayon.productgridorlist.productlist_1.thumbnailproduct_0.addproducttoshoppinglist/55818?t:ac=764"],["addProductToBasket_18","forceAjax","/rayon.productgridorlist.productlist_1.thumbnailproduct_0.addproducttobasket/14283?t:ac=764"],["addProductToShoppingList_37","forceAjax","/rayon.productgridorlist.productlist_1.thumbnailproduct_0.addproducttoshoppinglist/14283?t:ac=764"],["addProductToBasket_19","forceAjax","/rayon.productgridorlist.productlist_1.thumbnailproduct_0.addproducttobasket/59159?t:ac=764"],["addProductToShoppingList_38","forceAjax","/rayon.productgridorlist.productlist_1.thumbnailproduct_0.addproducttoshoppinglist/59159?t:ac=764"],["addProductToBasket_20","forceAjax","/rayon.productgridorlist.productlist_1.thumbnailproduct_0.addproducttobasket/60435?t:ac=764"],["addProductToShoppingList_39","forceAjax","/rayon.productgridorlist.productlist_1.thumbnailproduct_0.addproducttoshoppinglist/60435?t:ac=764"],["addProductToBasket_21","forceAjax","/rayon.productgridorlist.productlist_1.thumbnailproduct_0.addproducttobasket/60301?t:ac=764"],["addProductToShoppingList_40","forceAjax","/rayon.productgridorlist.productlist_1.thumbnailproduct_0.addproducttoshoppinglist/60301?t:ac=764"],["addProductToShoppingList_41","forceAjax","/rayon.productgridorlist.productlist_1.thumbnailproduct_0.addproducttoshoppinglist/60436?t:ac=764"],["addProductToBasket_22","forceAjax","/rayon.productgridorlist.productlist_1.thumbnailproduct_0.addproducttobasket/37239?t:ac=764"],["addProductToShoppingList_42","forceAjax","/rayon.productgridorlist.productlist_1.thumbnailproduct_0.addproducttoshoppinglist/37239?t:ac=764"],["addProductToBasket_23","forceAjax","/rayon.productgridorlist.productlist_1.thumbnailproduct_0.addproducttobasket/101062?t:ac=764"],["addProductToShoppingList_43","forceAjax","/rayon.productgridorlist.productlist_1.thumbnailproduct_0.addproducttoshoppinglist/101062?t:ac=764"],["addProductToBasket_24","forceAjax","/rayon.productgridorlist.productlist_1.thumbnailproduct_0.addproducttobasket/42001?t:ac=764"],["addProductToShoppingList_44","forceAjax","/rayon.productgridorlist.productlist_1.thumbnailproduct_0.addproducttoshoppinglist/42001?t:ac=764"],["addProductToShoppingList_45","forceAjax","/rayon.productgridorlist.productlist_1.thumbnailproduct_0.addproducttoshoppinglist/1211?t:ac=764"],["addProductToBasket_25","forceAjax","/rayon.productgridorlist.productlist_1.thumbnailproduct_0.addproducttobasket/38537?t:ac=764"],["addProductToShoppingList_46","forceAjax","/rayon.productgridorlist.productlist_1.thumbnailproduct_0.addproducttoshoppinglist/38537?t:ac=764"],["addProductToBasket_26","forceAjax","/rayon.productgridorlist.productlist_1.thumbnailproduct_0.addproducttobasket/34444?t:ac=764"],["addProductToShoppingList_47","forceAjax","/rayon.productgridorlist.productlist_1.thumbnailproduct_0.addproducttoshoppinglist/34444?t:ac=764"],["addProductToShoppingList_48","forceAjax","/rayon.productgridorlist.productlist_1.thumbnailproduct_0.addproducttoshoppinglist/100670?t:ac=764"],["addProductToShoppingList_49","forceAjax","/rayon.productgridorlist.productlist_1.thumbnailproduct_0.addproducttoshoppinglist/40981?t:ac=764"],["addProductToBasket_27","forceAjax","/rayon.productgridorlist.productlist_1.thumbnailproduct_0.addproducttobasket/44931?t:ac=764"],["addProductToShoppingList_50","forceAjax","/rayon.productgridorlist.productlist_1.thumbnailproduct_0.addproducttoshoppinglist/44931?t:ac=764"],["addProductToBasket_28","forceAjax","/rayon.productgridorlist.productlist_1.thumbnailproduct_0.addproducttobasket/45676?t:ac=764"],["addProductToShoppingList_51","forceAjax","/rayon.productgridorlist.productlist_1.thumbnailproduct_0.addproducttoshoppinglist/45676?t:ac=764"],["addProductToShoppingList_52","forceAjax","/rayon.productgridorlist.productlist_1.thumbnailproduct_0.addproducttoshoppinglist/40091?t:ac=764"],["addProductToShoppingList_53","forceAjax","/rayon.productgridorlist.productlist_1.thumbnailproduct_0.addproducttoshoppinglist/16057?t:ac=764"],["addProductToShoppingList_54","forceAjax","/rayon.productgridorlist.productlist_1.thumbnailproduct_0.addproducttoshoppinglist/30883?t:ac=764"],["addProductToBasket_29","forceAjax","/rayon.productgridorlist.productlist_1.thumbnailproduct_0.addproducttobasket/31456?t:ac=764"],["addProductToShoppingList_55","forceAjax","/rayon.productgridorlist.productlist_1.thumbnailproduct_0.addproducttoshoppinglist/31456?t:ac=764"],["addProductToBasket_30","forceAjax","/rayon.productgridorlist.productlist_1.thumbnailproduct_0.addproducttobasket/21809?t:ac=764"],["addProductToShoppingList_56","forceAjax","/rayon.productgridorlist.productlist_1.thumbnailproduct_0.addproducttoshoppinglist/21809?t:ac=764"],["addProductToBasket_31","forceAjax","/rayon.productgridorlist.productlist_1.thumbnailproduct_0.addproducttobasket/45677?t:ac=764"],["addProductToShoppingList_57","forceAjax","/rayon.productgridorlist.productlist_1.thumbnailproduct_0.addproducttoshoppinglist/45677?t:ac=764"],["addProductToShoppingList_58","forceAjax","/rayon.productgridorlist.productlist_1.thumbnailproduct_0.addproducttoshoppinglist/31457?t:ac=764"],["addProductToBasket_32","forceAjax","/rayon.productgridorlist.productlist_1.thumbnailproduct_0.addproducttobasket/31455?t:ac=764"],["addProductToShoppingList_59","forceAjax","/rayon.productgridorlist.productlist_1.thumbnailproduct_0.addproducttoshoppinglist/31455?t:ac=764"],["addProductToBasket_33","forceAjax","/rayon.productgridorlist.productlist_1.thumbnailproduct_0.addproducttobasket/47693?t:ac=764"],["addProductToShoppingList_60","forceAjax","/rayon.productgridorlist.productlist_1.thumbnailproduct_0.addproducttoshoppinglist/47693?t:ac=764"],["addProductToBasket_34","forceAjax","/rayon.productgridorlist.productlist_1.thumbnailproduct_0.addproducttobasket/100240?t:ac=764"],["addProductToShoppingList_61","forceAjax","/rayon.productgridorlist.productlist_1.thumbnailproduct_0.addproducttoshoppinglist/100240?t:ac=764"],["addProductToShoppingList_62","forceAjax","/rayon.productgridorlist.productlist_1.thumbnailproduct_0.addproducttoshoppinglist/42974?t:ac=764"],["addProductToBasket_35","forceAjax","/rayon.productgridorlist.productlist_1.thumbnailproduct_0.addproducttobasket/41251?t:ac=764"],["addProductToShoppingList_63","forceAjax","/rayon.productgridorlist.productlist_1.thumbnailproduct_0.addproducttoshoppinglist/41251?t:ac=764"],["addProductToShoppingList_64","forceAjax","/rayon.productgridorlist.productlist_1.thumbnailproduct_0.addproducttoshoppinglist/14112?t:ac=764"],["addProductToBasket_36","forceAjax","/rayon.productgridorlist.productlist_1.thumbnailproduct_0.addproducttobasket/12001?t:ac=764"],["addProductToShoppingList_65","forceAjax","/rayon.productgridorlist.productlist_1.thumbnailproduct_0.addproducttoshoppinglist/12001?t:ac=764"],["addProductToShoppingList_66","forceAjax","/rayon.productgridorlist.productlist_1.thumbnailproduct_0.addproducttoshoppinglist/31458?t:ac=764"],["addProductToBasket_37","forceAjax","/rayon.productgridorlist.productlist_1.thumbnailproduct_0.addproducttobasket/40982?t:ac=764"],["addProductToShoppingList_67","forceAjax","/rayon.productgridorlist.productlist_1.thumbnailproduct_0.addproducttoshoppinglist/40982?t:ac=764"],["addProductToBasket_38","forceAjax","/rayon.productgridorlist.productlist_1.thumbnailproduct_0.addproducttobasket/75511?t:ac=764"],["addProductToShoppingList_68","forceAjax","/rayon.productgridorlist.productlist_1.thumbnailproduct_0.addproducttoshoppinglist/75511?t:ac=764"],["addProductToBasket_39","forceAjax","/rayon.productgridorlist.productlist_1.thumbnailproduct_0.addproducttobasket/76742?t:ac=764"],["addProductToShoppingList_69","forceAjax","/rayon.productgridorlist.productlist_1.thumbnailproduct_0.addproducttoshoppinglist/76742?t:ac=764"],["addProductToBasket_40","forceAjax","/rayon.productgridorlist.productlist_1.thumbnailproduct_0.addproducttobasket/76130?t:ac=764"],["addProductToShoppingList_70","forceAjax","/rayon.productgridorlist.productlist_1.thumbnailproduct_0.addproducttoshoppinglist/76130?t:ac=764"],["addProductToBasket_41","forceAjax","/rayon.productgridorlist.productlist_1.thumbnailproduct_0.addproducttobasket/99513?t:ac=764"],["addProductToShoppingList_71","forceAjax","/rayon.productgridorlist.productlist_1.thumbnailproduct_0.addproducttoshoppinglist/99513?t:ac=764"],["addProductToShoppingList_72","forceAjax","/rayon.productgridorlist.productlist_1.thumbnailproduct_0.addproducttoshoppinglist/1471?t:ac=764"],["addProductToBasket_42","forceAjax","/rayon.productgridorlist.productlist_1.thumbnailproduct_0.addproducttobasket/101020?t:ac=764"],["addProductToShoppingList_73","forceAjax","/rayon.productgridorlist.productlist_1.thumbnailproduct_0.addproducttoshoppinglist/101020?t:ac=764"],["addProductToBasket_43","forceAjax","/rayon.productgridorlist.productlist_1.thumbnailproduct_0.addproducttobasket/100062?t:ac=764"],["addProductToShoppingList_74","forceAjax","/rayon.productgridorlist.productlist_1.thumbnailproduct_0.addproducttoshoppinglist/100062?t:ac=764"],["addProductToShoppingList_75","forceAjax","/rayon.productgridorlist.productlist_1.thumbnailproduct_0.addproducttoshoppinglist/100223?t:ac=764"],["addProductToShoppingList_76","forceAjax","/rayon.productgridorlist.productlist_1.thumbnailproduct_0.addproducttoshoppinglist/100225?t:ac=764"],["addProductToShoppingList_77","forceAjax","/rayon.productgridorlist.productlist_1.thumbnailproduct_0.addproducttoshoppinglist/100663?t:ac=764"],["addProductToBasket_44","forceAjax","/rayon.productgridorlist.productlist_1.thumbnailproduct_0.addproducttobasket/2289?t:ac=764"],["addProductToShoppingList_78","forceAjax","/rayon.productgridorlist.productlist_1.thumbnailproduct_0.addproducttoshoppinglist/2289?t:ac=764"],["addProductToShoppingList_79","forceAjax","/rayon.productgridorlist.productlist_1.thumbnailproduct_0.addproducttoshoppinglist/1239?t:ac=764"],["addProductToBasket_45","forceAjax","/rayon.productgridorlist.productlist_1.thumbnailproduct_0.addproducttobasket/100297?t:ac=764"],["addProductToShoppingList_80","forceAjax","/rayon.productgridorlist.productlist_1.thumbnailproduct_0.addproducttoshoppinglist/100297?t:ac=764"],["addProductToShoppingList_81","forceAjax","/rayon.productgridorlist.productlist_1.thumbnailproduct_0.addproducttoshoppinglist/1844?t:ac=764"],["suggestionPopup","forceAjax","/rayon.suggestionpopup?t:ac=764"],["eventlink","forceAjax","/rayon.customerinfos:showsigninpopup?t:ac=764"],["registerPopup","forceAjax","/rayon.customerinfos.registerpopup?t:ac=764"],["popupAuth","forceAjax","/rayon.customerinfos.popupauth?t:ac=764"],["showSlotTab","forceAjax","/rayon.customerinfos.slotinfo.showslottab?t:ac=764"],["basket","forceAjax","/rayon.customerinfos.basket?t:ac=764"],["lists","forceAjax","/rayon.customerinfos.lists?t:ac=764"],["topBasket","forceAjax","/rayon.customerinfos.topbasket?t:ac=764"],["validateBasket","forceAjax","/rayon.customerinfos.minibasket.validatebasket?t:ac=764"]]});
});
</script></body></html>