<!DOCTYPE html PUBLIC "-//W3C//DTD XHTML 1.0 Strict//EN" "http://www.w3.org/TR/xhtml1/DTD/xhtml1-strict.dtd"><html xmlns="http://www.w3.org/1999/xhtml"><head><meta content="text/html; charset=utf-8" http-equiv="content-type"></meta><title>Vente NEWS en ligne - Auchandirect.fr</title><!-- correction d'un bug de compatibilité tapestry/IE9 --><meta content="IE=EmulateIE8" http-equiv="X-UA-Compatible"></meta><meta content="Faites vos courses en ligne sur Auchandirect.fr! NEWS en livraison 24h dans les régions de Paris, Lyon, Marseille, Toulouse et Lille." name="description"></meta><meta content="index, follow" name="robots"></meta><meta content="0" http-equiv="expires"></meta><meta content="no-cache" http-equiv="pragma"></meta><meta content="no-store, no-cache, must-revalidate" http-equiv="cache-control"></meta><link type="text/css" rel="stylesheet" href="http://www.refonte.auchandirect.fr/assets/tapestry/5.1.0.5/default.css"></link><link type="text/css" rel="stylesheet" href="http://www.refonte.auchandirect.fr/assets/ctx/cb0cdd30e165aaa4/static/css/auchan_surcharge.css"></link><link type="text/css" rel="stylesheet" href="http://www.refonte.auchandirect.fr/assets/ctx/cb0cdd30e165aaa4/static/css/styles.css"></link><link type="text/css" rel="stylesheet" href="http://www.refonte.auchandirect.fr/assets/ctx/cb0cdd30e165aaa4/static/css/common.css"></link><link media="screen" href="http://www.refonte.auchandirect.fr/static/fancybox/jquery.fancybox-1.3.4.css" type="text/css" rel="stylesheet"></link><!--[if lte IE 7]><style type="text/css">div#engagements .item .item-picto, div#engagements
.item .item-texte, div#engagements-long .item .item-picto,
div#engagements-long .item .item-texte { display: inline; zoom:1; }</style><link media="all" type="text/css" href="/static/css/ie7.css" rel="stylesheet"></link><![endif]--><!--[if lte IE 8]><link media="all" type="text/css" href="/static/css/ie8.css" rel="stylesheet"></link><![endif]--><!--[if lte IE 9]><style type="text/css">
.liste-produits-menu a.active , .liste-produits-menu a:hover{
filter: none;}
</style><![endif]--><!--[if IE]><link media="all" type="text/css" href="/static/css/ie.css" rel="stylesheet"></link><![endif]--><script src="http://www.refonte.auchandirect.fr/assets/scriptaculous/5.1.0.5/prototype.js" type="text/javascript"></script><script src="http://www.refonte.auchandirect.fr/assets/scriptaculous/5.1.0.5/scriptaculous.js" type="text/javascript"></script><script src="http://www.refonte.auchandirect.fr/assets/scriptaculous/5.1.0.5/effects.js" type="text/javascript"></script><script src="http://www.refonte.auchandirect.fr/assets/tapestry/5.1.0.5/tapestry.js" type="text/javascript"></script><script src="http://www.refonte.auchandirect.fr/assets/tapestry/5.1.0.5/tapestry-messages.js" type="text/javascript"></script><script src="http://www.refonte.auchandirect.fr/assets/ctx/cb0cdd30e165aaa4/static/scripts/tapestry-patch.js" type="text/javascript"></script><script src="http://www.refonte.auchandirect.fr/assets/ctx/cb0cdd30e165aaa4/static/scripts/jquery.min.js" type="text/javascript"></script><script src="http://www.refonte.auchandirect.fr/assets/ctx/cb0cdd30e165aaa4/static/scripts/jquery.tools.min.js" type="text/javascript"></script><script src="http://www.refonte.auchandirect.fr/assets/ctx/cb0cdd30e165aaa4/static/fancybox/jquery.fancybox-1.3.4.js" type="text/javascript"></script><script src="http://www.refonte.auchandirect.fr/assets/ctx/cb0cdd30e165aaa4/static/scripts/cacom-custom-lib.js" type="text/javascript"></script><script src="http://www.refonte.auchandirect.fr/assets/ctx/cb0cdd30e165aaa4/static/fancybox/jquery.mousewheel-3.0.4.pack.js" type="text/javascript"></script><script src="http://www.refonte.auchandirect.fr/assets/ctx/cb0cdd30e165aaa4/static/scripts/common.js" type="text/javascript"></script><script src="http://www.refonte.auchandirect.fr/assets/ctx/cb0cdd30e165aaa4/static/scripts/ZoneUpdater.js" type="text/javascript"></script><script src="http://www.refonte.auchandirect.fr/assets/ctx/cb0cdd30e165aaa4/static/scripts/jquery.carouFredSel-5.5.0-packed.js" type="text/javascript"></script><script type="text/javascript" language="javascript">
var j = jQuery.noConflict();
j(function() {
j("#foo2").carouFredSel({
circular: true,
infinite: false,
auto : true,
scroll : {
items : "page"
},
prev : {
button : "#foo2_prev",
key : "left"
},
next : {
button : "#foo2_next",
key : "right"
},
pagination : "#foo2_pag"
});
if($(".caroufredsel_wrapper")!=null)
$(".caroufredsel_wrapper").css({
'height': '246px'
});
if($(".page_famille_carrousel")!=null)
$(".page_famille_carrousel").css({
'overflow': 'hidden'
});
});
</script></head><body style="background : url('http://www.refonte.auchandirect.fr/static/habillagejanvier.JPG') repeat-x;
background-position : top center;
"><div class="fiche-produit" id="page"><div id="tetiere"><div id="logo"><!-- HEADER_LOGO --><div id="logo">
<a href="../../index.html" title="accueil"><img src="http://www.refonte.auchandirect.fr/static/images/logo-auchan.jpg" alt="Accueil" /></a>
</div>
</div><div id="pub"><?xml version="1.0" encoding="UTF-8"?><a  href="../../commander/identification.signin.forgetpwdpopup.html"  title="Inscrivez-vous et bénéficiez de la 1ere livraison offerte avec le code BIENVENUE dès 120€ d'achats"><img src="http://www.refonte.auchandirect.fr/img/display/000/000/530/5301.jpg" /></a>
</div><!-- HEADER_HAUT_DROIT --><!-- <t:outputraw value="headerHauteDroit" /> --><div id="newsletter"><h3>Newsletter</h3><a id="newsLetterPopup" onclick="javascript:Tapestry.waitForPage(event);" href="../../rayon.pagetemplate.header.headertop.newsletterpopup%3Ft:ac=nouveautes.html">Inscrivez-vous vite !</a></div></div><div id="menu-top"><div id="menu-promos"><ul class="menu menu-horizontal"><li><a title="promos" class="menu-top-promos" href="../../rayon.customerinfos.minibasket.validatebasket%3Ft:ac=promos.html">Promotions</a></li><li><a title="nouveautes" class="menu-top-nouveautes" href="nouveautes.html">Nouveautés</a></li></ul></div><div id="bloc-recherche"><form onsubmit="javascript:Tapestry.waitForPage(event);" action="http://www.refonte.auchandirect.fr/rayon.pagetemplate.header.headermenutop.searchform" method="post" id="searchForm" name="searchForm"><div class="t-invisible"><input value="nouveautes" name="t:ac" type="hidden"></input><input value="H4sIAAAAAAAAAJ2QoU4DQRBAp03A1JHwB2C3CGrAUAGqIaQXPmBub7jbZndn2Z2D1mD4DwyW8BMVOP6hhmCQoBBce3UkJEVNMsnMe3lPH7B1ewBqjDP2RwFLEnLBopCqCAuK6+HI18JBJcKoqxRhwLFUGFBXpAQDJYmzgdIcyZpc5ZhIDfNmiVrODNliLyOpw/7lvLfYffnuQmcEPc1eIttzdCSwM5rgDfYt+rKfSTS+PJ4Gge2W+C/H4aaOF5E1pZTVuTMpGfbz5+Lw6uvhtQswDRs5LF9I43Dyp4NmF9iTl6RWUPmt8LYYf96fPr63ychSg5Blsmu4g06baHX6A/6kTBjLAQAA" name="t:formdata" type="hidden"></input></div><div><input title="recherche" class="texte-recherche" value="Rechercher" id="search" name="search" type="text"></input><img id="search-icon" class="t-error-icon t-invisible" alt="" src="http://www.refonte.auchandirect.fr/assets/tapestry/5.1.0.5/spacer.gif"/><input value="OK" class="recherche-submit" name="submit" type="submit"></input></div></form></div></div><div id="menu" class="float-container"><ul id="menu-principal" class="menu menu-horizontal"><li><a class="first" title="RR1002" href="nouveautes.html#">Marché</a><div class="hovered_big_menu" id="4042"><div class="menu-panel"><div class="menu-listes-container float-container"><div class="menu-listes"><ul class="menu menu-horizontal menu_left"><li><h3><a title="RR2007" rel="page-461" href="../../sousfamille.customerinfos.minibasket.validatebasket%3Ft:ac=404%252F461.html">Fruits</a></h3><ul class="menu"><li><a href="../../march%25C3%25A9/fruits/fruits-de-saison/id0/592.html">Fruits de saison </a></li><li><a href="../../march%25C3%25A9/fruits/agrumes/id0/444663.html">Agrumes</a></li><li><a href="../../march%25C3%25A9/fruits/bananes,-fruits-exotiques/id0/589.html">Bananes, Fruits exotiques</a></li><li><a href="../../march%25C3%25A9/fruits/pommes,-poires/id0/593.html">Pommes, Poires</a></li><li><a href="../../march%25C3%25A9/fruits/fruits-rouges/id0/590.html">Fruits rouges</a></li><li><a href="../../march%25C3%25A9/fruits/fruits-%25C3%25A0-noyau,-raisins/id0/596.html">Fruits à Noyau, Raisins</a></li><li><a href="../../march%25C3%25A9/fruits/fruits-secs-et-pr%25C3%25AAts-%25C3%25A0-l'emploi/id0/595.html">Fruits Secs et Prêts à l'Emploi</a></li><li><a href="../../march%25C3%25A9/fruits/jus-de-fruits-frais/id0/100371.html">Jus de Fruits frais</a></li></ul></li><li><h3><a title="RR2006" rel="page-463" href="../../id3/404/463.html">Légumes</a></h3><ul class="menu"><li><a href="../../march%25C3%25A9/l%25C3%25A9gumes/l%25C3%25A9gumes-de-saison/id0/431975.html">Légumes de saison</a></li><li><a href="../../march%25C3%25A9/l%25C3%25A9gumes/salades,-endives,-herbes-aromatiques/id0/585.html">Salades, Endives, Herbes aromatiques</a></li><li><a href="../../march%25C3%25A9/l%25C3%25A9gumes/tomates/id0/82017.html">Tomates</a></li><li><a href="../../march%25C3%25A9/l%25C3%25A9gumes/aubergines,-courgettes,-poivrons/id0/583.html">Aubergines, Courgettes, Poivrons</a></li><li><a href="../../march%25C3%25A9/l%25C3%25A9gumes/avocats,-concombres,-radis,-celeris/id0/581.html">Avocats, Concombres, Radis, Celeris</a></li><li><a href="../../march%25C3%25A9/l%25C3%25A9gumes/carottes,-poireaux,-navets,-potirons,-choux/id0/580.html">Carottes, Poireaux, Navets, Potirons, Choux</a></li><li><a href="../../march%25C3%25A9/l%25C3%25A9gumes/l%25C3%25A9gumes-verts,-asperges,-champignons/id0/579.html">Légumes verts, Asperges, Champignons</a></li><li><a href="../../march%25C3%25A9/l%25C3%25A9gumes/pommes-de-terre/id0/584.html">Pommes de Terre</a></li><li><a href="../../march%25C3%25A9/l%25C3%25A9gumes/ails,-oignons,-echalotes/id0/587.html">Ails, Oignons, Echalotes</a></li><li><a href="../../march%25C3%25A9/l%25C3%25A9gumes/soupes-fra%25C3%25AEches,-pr%25C3%25AAts-%25C3%25A0-l'emploi,-l%25C3%25A9gumes-secs/id0/588.html">Soupes Fraîches, Prêts à l'emploi, Légumes secs</a></li></ul></li><li><h3><a title="RR2009" rel="page-460" href="../../id3/404/460.html">Boucherie - Volaille</a></h3><ul class="menu"><li><a href="../../march%25C3%25A9/boucherie---volaille/les-pi%25C3%25A8ces-du-boucher/id0/431977.html">Les pièces du Boucher</a></li><li><a href="../../march%25C3%25A9/boucherie---volaille/b%25C5%2593uf/id0/601.html">Bœuf</a></li><li><a href="../../march%25C3%25A9/boucherie---volaille/porc,-veau,-agneau/id0/600.html">Porc, Veau, Agneau</a></li><li><a href="../../march%25C3%25A9/boucherie---volaille/poulet,-dinde,-autres-volailles/id0/603.html">Poulet, Dinde, Autres Volailles</a></li><li><a href="../../march%25C3%25A9/boucherie---volaille/saucisse,-viandes-cuisin%25C3%25A9es,-snack,-sauce/id0/602.html">Saucisse, Viandes Cuisinées, Snack, Sauce</a></li></ul></li><li><h3><a title="RR2008" rel="page-462" href="../../id3/404/462.html">Produits de la mer</a></h3><ul class="menu"><li><a href="../../march%25C3%25A9/produits-de-la-mer/poissons-frais,-fruits-de-mer,-poissons-pan%25C3%25A9s/id0/597.html">Poissons frais, Fruits de Mer, Poissons Panés</a></li><li><a href="../../march%25C3%25A9/produits-de-la-mer/poissons-fum%25C3%25A9s/id0/82012.html">Poissons Fumés</a></li><li><a href="../../march%25C3%25A9/produits-de-la-mer/produits-ap%25C3%25A9ritifs/id0/100366.html">Produits Apéritifs</a></li><li><a href="../../march%25C3%25A9/produits-de-la-mer/surimis/id0/100363.html">Surimis</a></li></ul></li><li><h3><a title="RR3360" rel="page-100376" href="../../id3/404/100376.html">Pains - Viennoiseries</a></h3><ul class="menu"><li><a href="../../march%25C3%25A9/pains---viennoiseries/pains,-pains-de-mie/id0/100377.html">Pains, Pains de mie</a></li><li><a href="../../march%25C3%25A9/pains---viennoiseries/pains-%25C3%25A0-garnir/id0/431981.html">Pains à garnir</a></li><li><a href="../../march%25C3%25A9/pains---viennoiseries/brioches-et-viennoiseries/id0/100381.html">Brioches et Viennoiseries</a></li></ul></li></ul><?xml version="1.0" encoding="UTF-8"?><a href="http://www.refonte.auchandirect.fr/rayon/511862"><img src="http://www.refonte.auchandirect.fr/static/vitamines.jpg" alt="Faites le plein de vitamines !" title="Faites le plein de vitamines !" width="150" height="275" /></a>    
<div class="clear"></div></div><div class="clear"></div></div></div></div></li><li><a title="RR1003" href="nouveautes.html#">Produits laitiers<br/>Œufs</a><div class="hovered_big_menu" id="4082"><div class="menu-panel"><div class="menu-listes-container float-container"><div class="menu-listes"><ul class="menu menu-horizontal menu_left"><li><h3><a title="RR2010" rel="page-459" href="../../id3/408/459.html">Crémerie, Oeufs</a></h3><ul class="menu"><li><a href="../../produits-laitiers,-%25C5%2593ufs/cr%25C3%25A9merie,-oeufs/laits/id0/605.html">Laits</a></li><li><a href="../../produits-laitiers,-%25C5%2593ufs/cr%25C3%25A9merie,-oeufs/cr%25C3%25A8mes-fra%25C3%25AEches,-sauces/id0/608.html">Crèmes Fraîches, Sauces </a></li><li><a href="../../produits-laitiers,-%25C5%2593ufs/cr%25C3%25A9merie,-oeufs/beurres/id0/604.html">Beurres</a></li><li><a href="../../produits-laitiers,-%25C5%2593ufs/cr%25C3%25A9merie,-oeufs/margarines/id0/607.html">Margarines</a></li><li><a href="../../produits-laitiers,-%25C5%2593ufs/cr%25C3%25A9merie,-oeufs/oeufs/id0/606.html">Oeufs</a></li></ul></li><li><h3><a title="RR2011" rel="page-466" href="../../id3/408/466.html">Fromages</a></h3><ul class="menu"><li><a href="../../produits-laitiers,-%25C5%2593ufs/fromages/emmental,-comt%25C3%25A9,-rap%25C3%25A9,-parmesan/id0/431987.html">Emmental, Comté, Rapé et Parmesan</a></li><li><a href="../../produits-laitiers,-%25C5%2593ufs/fromages/ch%25C3%25A8vres,-brebis,-bleus,-roqueforts/id0/610.html">Chèvres,  Brebis, Bleus, Roqueforts</a></li><li><a href="../../produits-laitiers,-%25C5%2593ufs/fromages/camemberts,-coulommiers,-bries/id0/611.html">Camemberts,  Coulommiers,  Bries</a></li><li><a href="../../produits-laitiers,-%25C5%2593ufs/fromages/sp%25C3%25A9cialit%25C3%25A9s,-aop/id0/612.html">Spécialités,  AOP</a></li><li><a href="../../produits-laitiers,-%25C5%2593ufs/fromages/fromages-all%25C3%25A9g%25C3%25A9s/id0/618.html">Fromages Allégés</a></li><li><a href="../../produits-laitiers,-%25C5%2593ufs/fromages/a-cuisiner,-a-tartiner,-a-fondre/id0/614.html">A cuisiner, A tartiner, A fondre</a></li><li><a href="../../produits-laitiers,-%25C5%2593ufs/fromages/ap%25C3%25A9ritifs,-salades,-mozzarellas/id0/615.html">Apéritifs,  Salades,  Mozzarellas</a></li><li><a href="../../produits-laitiers,-%25C5%2593ufs/fromages/enfants/id0/617.html">Enfants</a></li></ul></li><li><h3><a title="RR2012" rel="page-464" href="../../id3/408/464.html">Yaourts, Desserts</a></h3><ul class="menu"><li><a href="../../produits-laitiers,-%25C5%2593ufs/yaourts,-desserts/yaourts-natures,-fromages-blancs/id0/619.html">Yaourts natures, Fromages blancs</a></li><li><a href="../../produits-laitiers,-%25C5%2593ufs/yaourts,-desserts/yaourts-aux-fruits,-aromatis%25C3%25A9s/id0/620.html">Yaourts aux fruits,  Aromatisés</a></li><li><a href="../../produits-laitiers,-%25C5%2593ufs/yaourts,-desserts/yaourts-enfants,-a-boire/id0/621.html">Yaourts enfants, A boire</a></li><li><a href="../../produits-laitiers,-%25C5%2593ufs/yaourts,-desserts/desserts-gourmands/id0/622.html">Desserts gourmands</a></li><li><a href="../../produits-laitiers,-%25C5%2593ufs/yaourts,-desserts/all%25C3%25A9g%25C3%25A9s,-bien-%25C3%25AAtre/id0/623.html">Allégés,  Bien Être</a></li><li><a href="../../produits-laitiers,-%25C5%2593ufs/yaourts,-desserts/compotes/id0/431969.html">Compotes</a></li></ul></li></ul><?xml version="1.0" encoding="UTF-8"?><a href="http://www.refonte.auchandirect.fr/rayon/593464"><img src="http://www.refonte.auchandirect.fr/static/S0213laitierV2.png" alt="La promo de la semaine au rayon laitier" title="La promo de la semaine au rayon laitier" /></a>    
<div class="clear"></div></div><div class="clear"></div></div></div></div></li><li><a title="RR1004" href="nouveautes.html#">Charcuterie<br/>Traiteur</a><div class="hovered_big_menu" id="4072"><div class="menu-panel"><div class="menu-listes-container float-container"><div class="menu-listes"><ul class="menu menu-horizontal menu_left"><li><h3><a title="RR2013" rel="page-468" href="../../id3/407/468.html">Charcuterie</a></h3><ul class="menu"><li><a href="../../charcuterie-traiteur/charcuterie/jambons/id0/624.html">Jambons</a></li><li><a href="../../charcuterie-traiteur/charcuterie/lardons,-bacon,-aides-culinaires/id0/626.html">Lardons, Bacon, Aides culinaires</a></li><li><a href="../../charcuterie-traiteur/charcuterie/saucisses,-boudins/id0/629.html">Saucisses, Boudins</a></li><li><a href="../../charcuterie-traiteur/charcuterie/saucissons,-p%25C3%25A2t%25C3%25A9s,-rillettes/id0/625.html">Saucissons, Pâtés, Rillettes</a></li></ul></li><li><h3><a title="RR2014" rel="page-465" href="../../id3/407/465.html">Traiteur</a></h3><ul class="menu"><li><a href="../../charcuterie-traiteur/traiteur/entr%25C3%25A9es,-ap%25C3%25A9ritifs/id0/630.html">Entrées, Apéritifs</a></li><li><a href="../../charcuterie-traiteur/traiteur/salades-compos%25C3%25A9es,-crudit%25C3%25A9s,-soupes/id0/627.html">Salades Composées, Crudités, Soupes</a></li><li><a href="../../charcuterie-traiteur/traiteur/burgers,-croques/id0/632.html">Burgers, Croques</a></li><li><a href="../../charcuterie-traiteur/traiteur/cordons-bleus,-nuggets,-grignottes/id0/636.html">Cordons Bleus, Nuggets, Grignottes</a></li><li><a href="../../charcuterie-traiteur/traiteur/pizzas,-tartes,-quiches/id0/631.html">Pizzas, Tartes, Quiches</a></li><li><a href="../../charcuterie-traiteur/traiteur/p%25C3%25A2tes-fra%25C3%25AEches,-quenelles/id0/634.html">Pâtes Fraîches, Quenelles</a></li><li><a href="../../charcuterie-traiteur/traiteur/plats-cuisin%25C3%25A9s/id0/628.html">Plats cuisinés</a></li><li><a href="../../charcuterie-traiteur/traiteur/p%25C3%25A2tes-%25C3%25A0-tarte-et-%25C3%25A0-g%25C3%25A2teaux/id0/633.html">Pâtes à Tarte et à Gâteaux</a></li><li><a href="../../charcuterie-traiteur/traiteur/destockage-foie-gras-et-toasts/id0/565014.html">Destockage Foie Gras et Toasts</a></li></ul></li><li><h3><a title="RR2016" rel="page-467" href="../../id3/407/467.html">Traiteur de la Mer</a></h3><ul class="menu"><li><a href="../../charcuterie-traiteur/traiteur-de-la-mer/poissons-fum%25C3%25A9s/id0/639.html">Poissons Fumés</a></li><li><a href="../../charcuterie-traiteur/traiteur-de-la-mer/surimis,-poissons-pan%25C3%25A9s/id0/637.html">Surimis, Poissons panés</a></li><li><a href="../../charcuterie-traiteur/traiteur-de-la-mer/produits-ap%25C3%25A9ritifs/id0/640.html">Produits Apéritifs</a></li></ul></li></ul><?xml version="1.0" encoding="UTF-8"?><a href="http://www.refonte.auchandirect.fr/rayon/511863"><img src="http://www.refonte.auchandirect.fr/static/jambons.jpg" alt="Le jambon...c'est meilleur en promo !" title="Le jambon...c'est meilleur en promo !" width="150" height="275" /></a>     
<div class="clear"></div></div><div class="clear"></div></div></div></div></li><li><a title="RR1005" href="nouveautes.html#">Surgelés</a><div class="hovered_big_menu" id="4062"><div class="menu-panel"><div class="menu-listes-container float-container"><div class="menu-listes"><ul class="menu menu-horizontal menu_left"><li><h3><a title="RR2017" rel="page-472" href="../../id3/406/472.html">Apéritifs, Entrées, Snacks</a></h3><ul class="menu"><li><a href="../../surgel%25C3%25A9s/ap%25C3%25A9ritifs,-entr%25C3%25A9es,-snacks/ap%25C3%25A9ritifs,-petits-fours/id0/431976.html">Apéritifs, Petits fours</a></li><li><a href="../../surgel%25C3%25A9s/ap%25C3%25A9ritifs,-entr%25C3%25A9es,-snacks/cr%25C3%25AApes,-feuillet%25C3%25A9s/id0/431978.html">Crêpes, Feuilletés</a></li><li><a href="../../surgel%25C3%25A9s/ap%25C3%25A9ritifs,-entr%25C3%25A9es,-snacks/bun's,-burgers/id0/431979.html">Bun's, Burgers</a></li><li><a href="../../surgel%25C3%25A9s/ap%25C3%25A9ritifs,-entr%25C3%25A9es,-snacks/coquilles,-escargots/id0/431980.html">Coquilles, Escargots</a></li></ul></li><li><h3><a title="Pizzas, Tartes, Plats cuisinés" rel="page-431964" href="../../id3/406/431964.html">Pizzas, Tartes, Plats cuisinés</a></h3><ul class="menu"><li><a href="../../surgel%25C3%25A9s/pizzas,-tartes,-plats-cuisin%25C3%25A9s/pizzas/id0/648.html">Pizzas</a></li><li><a href="../../surgel%25C3%25A9s/pizzas,-tartes,-plats-cuisin%25C3%25A9s/tartes,-quiches/id0/431973.html">Tartes, Quiches</a></li><li><a href="../../surgel%25C3%25A9s/pizzas,-tartes,-plats-cuisin%25C3%25A9s/plats-cuisin%25C3%25A9s/id0/646.html">Plats Cuisinés</a></li></ul></li><li><h3><a title="RR2019" rel="page-470" href="../../id3/406/470.html">Viandes, Produits de la Mer</a></h3><ul class="menu"><li><a href="../../surgel%25C3%25A9s/viandes,-produits-de-la-mer/viandes/id0/652.html">Viandes</a></li><li><a href="../../surgel%25C3%25A9s/viandes,-produits-de-la-mer/produits-de-la-mer/id0/654.html">Produits de la Mer</a></li></ul></li><li><h3><a title="RR2018" rel="page-469" href="../../id3/406/469.html">Légumes, Pommes de Terre, Herbes</a></h3><ul class="menu"><li><a href="../../surgel%25C3%25A9s/l%25C3%25A9gumes,-pommes-de-terre,-herbes/frites,-pommes-de-terre/id0/647.html">Frites, Pommes de Terre</a></li><li><a href="../../surgel%25C3%25A9s/l%25C3%25A9gumes,-pommes-de-terre,-herbes/l%25C3%25A9gumes/id0/650.html">Légumes</a></li><li><a href="../../surgel%25C3%25A9s/l%25C3%25A9gumes,-pommes-de-terre,-herbes/herbes-aromatiques-et-sauces/id0/651.html">Herbes Aromatiques et sauces</a></li></ul></li><li><h3><a title="RR2020" rel="page-471" href="../../id3/406/471.html">Glaces, Patisseries, Viennoiseries</a></h3><ul class="menu"><li><a href="../../surgel%25C3%25A9s/glaces,-patisseries,-viennoiseries/glaces-individuelles/id0/657.html">Glaces Individuelles</a></li><li><a href="../../surgel%25C3%25A9s/glaces,-patisseries,-viennoiseries/glaces-%25C3%25A0-partager/id0/653.html">Glaces à Partager</a></li><li><a href="../../surgel%25C3%25A9s/glaces,-patisseries,-viennoiseries/p%25C3%25A2tisseries,-viennoiseries/id0/656.html">Pâtisseries, Viennoiseries</a></li><li><a href="../../surgel%25C3%25A9s/glaces,-patisseries,-viennoiseries/accompagnements,-fruits/id0/655.html">Accompagnements, Fruits</a></li><li><a href="../../surgel%25C3%25A9s/glaces,-patisseries,-viennoiseries/b%25C3%25BBches-de-f%25C3%25AAtes/id0/451162.html">Bûches de Fêtes</a></li></ul></li></ul><?xml version="1.0" encoding="UTF-8"?><a href="http://www.refonte.auchandirect.fr/rayon/511868"><img src="http://www.refonte.auchandirect.fr/static/S0213_surgeles.jpg" alt="La promo de la semaine au rayon surgel&eacute;s " title="La promo de la semaine au rayon surgel&eacute;s " width="150" height="275" /></a>    
<div class="clear"></div></div><div class="clear"></div></div></div></div></li><li><a title="RR1006" href="nouveautes.html#">Epicerie<br/>Salée</a><div class="hovered_big_menu" id="4132"><div class="menu-panel"><div class="menu-listes-container float-container"><div class="menu-listes"><ul class="menu menu-horizontal menu_left"><li><h3><a title="RR2025" rel="page-479" href="../../id3/413/479.html">Conserves, Plats Cuisinés</a></h3><ul class="menu"><li><a href="../../epicerie-sal%25C3%25A9e/conserves,-plats-cuisin%25C3%25A9s/conserves-de-l%25C3%25A9gumes/id0/674.html">Conserves de Légumes</a></li><li><a href="../../epicerie-sal%25C3%25A9e/conserves,-plats-cuisin%25C3%25A9s/conserves-de-poissons/id0/676.html">Conserves de Poissons</a></li><li><a href="../../epicerie-sal%25C3%25A9e/conserves,-plats-cuisin%25C3%25A9s/plats-cuisin%25C3%25A9s/id0/677.html">Plats Cuisinés</a></li><li><a href="../../epicerie-sal%25C3%25A9e/conserves,-plats-cuisin%25C3%25A9s/terrines,-pat%25C3%25A9s/id0/679.html">Terrines, Patés</a></li></ul></li><li><h3><a title="RR2023" rel="page-480" href="../../id3/413/480.html">Pâtes, Riz, Purées</a></h3><ul class="menu"><li><a href="../../epicerie-sal%25C3%25A9e/p%25C3%25A2tes,-riz,-pur%25C3%25A9es/p%25C3%25A2tes/id0/681.html">Pâtes</a></li><li><a href="../../epicerie-sal%25C3%25A9e/p%25C3%25A2tes,-riz,-pur%25C3%25A9es/riz/id0/680.html">Riz</a></li><li><a href="../../epicerie-sal%25C3%25A9e/p%25C3%25A2tes,-riz,-pur%25C3%25A9es/sauces-pour-p%25C3%25A2tes-et-riz/id0/431966.html">Sauces pour Pâtes et Riz</a></li><li><a href="../../epicerie-sal%25C3%25A9e/p%25C3%25A2tes,-riz,-pur%25C3%25A9es/bl%25C3%25A9s,-semoules,-l%25C3%25A9gumes-secs/id0/678.html">Blés, Semoules, Légumes secs</a></li><li><a href="../../epicerie-sal%25C3%25A9e/p%25C3%25A2tes,-riz,-pur%25C3%25A9es/pur%25C3%25A9es/id0/682.html">Purées</a></li></ul></li><li><h3><a title="RR2022" rel="page-481" href="../../id3/413/481.html">Potages et Soupes</a></h3><ul class="menu"><li><a href="../../epicerie-sal%25C3%25A9e/potages-et-soupes/format-familial/id0/683.html">Format Familial</a></li><li><a href="../../epicerie-sal%25C3%25A9e/potages-et-soupes/format-individuel/id0/686.html">Format individuel</a></li><li><a href="../../epicerie-sal%25C3%25A9e/potages-et-soupes/de%25CC%2581shydrate%25CC%2581es,-instantane%25CC%2581es,-croutons/id0/685.html">Déshydratées, Instantanées, Croutons</a></li></ul></li><li><h3><a title="RR2024" rel="page-482" href="../../id3/413/482.html">Sauces, Condiments</a></h3><ul class="menu"><li><a href="../../epicerie-sal%25C3%25A9e/sauces,-condiments/huiles/id0/692.html">Huiles</a></li><li><a href="../../epicerie-sal%25C3%25A9e/sauces,-condiments/vinaigres,-vinaigrettes/id0/694.html">Vinaigres, Vinaigrettes</a></li><li><a href="../../epicerie-sal%25C3%25A9e/sauces,-condiments/sauces-chaudes/id0/689.html">Sauces Chaudes</a></li><li><a href="../../epicerie-sal%25C3%25A9e/sauces,-condiments/moutarde,-mayonnaise,-ketchup/id0/691.html">Moutarde, Mayonnaise, Ketchup</a></li><li><a href="../../epicerie-sal%25C3%25A9e/sauces,-condiments/olives,-cornichons/id0/688.html">Olives,  Cornichons</a></li><li><a href="../../epicerie-sal%25C3%25A9e/sauces,-condiments/sel,-poivre,-epices,-herbes/id0/695.html">Sel, Poivre, Epices, Herbes</a></li><li><a href="../../epicerie-sal%25C3%25A9e/sauces,-condiments/bouillons,-aides-culinaires/id0/687.html">Bouillons, Aides culinaires</a></li></ul></li><li><h3><a title="RR2021" rel="page-477" href="../../id3/413/477.html">Produits salés apéritifs</a></h3><ul class="menu"><li><a href="../../epicerie-sal%25C3%25A9e/produits-sal%25C3%25A9s-ap%25C3%25A9ritifs/chips,-tuiles/id0/675.html">Chips, Tuiles</a></li><li><a href="../../epicerie-sal%25C3%25A9e/produits-sal%25C3%25A9s-ap%25C3%25A9ritifs/cacahu%25C3%25A8tes,-autres-graines/id0/673.html">Cacahuètes, Autres Graines</a></li><li><a href="../../epicerie-sal%25C3%25A9e/produits-sal%25C3%25A9s-ap%25C3%25A9ritifs/biscuits-sal%25C3%25A9s,-souffl%25C3%25A9s/id0/668.html">Biscuits salés, Soufflés</a></li><li><a href="../../epicerie-sal%25C3%25A9e/produits-sal%25C3%25A9s-ap%25C3%25A9ritifs/autres-produits-ap%25C3%25A9ritifs/id0/669.html">Autres Produits Apéritifs</a></li></ul></li><li><h3><a title="RR3363" rel="page-143464" href="../../id3/413/143464.html">Produits Gourmets</a></h3><ul class="menu"><li><a href="../../epicerie-sal%25C3%25A9e/produits-gourmets/epicerie-sal%25C3%25A9e/id0/143468.html">Epicerie Salée</a></li><li><a href="../../epicerie-sal%25C3%25A9e/produits-gourmets/epicerie-sucr%25C3%25A9e/id0/143469.html">Epicerie Sucrée</a></li></ul></li></ul><?xml version="1.0" encoding="UTF-8"?><a href="http://www.refonte.auchandirect.fr/rayon/485262"><img src="http://www.refonte.auchandirect.fr/static/S0213epiceriesalee.png" alt="La promo de la semaine au rayon &eacute;picerie sal&eacute;e" title="La promo de la semaine au rayon &eacute;picerie sal&eacute;e" width="150" height="275" /></a>     
<div class="clear"></div></div><div class="clear"></div></div></div></div></li><li><a title="RR1007" href="nouveautes.html#">Petit-Déjeuner<br/>Epicerie Sucrée</a><div class="hovered_big_menu" id="4092"><div class="menu-panel"><div class="menu-listes-container float-container"><div class="menu-listes"><ul class="menu menu-horizontal menu_left"><li><h3><a title="RR2029" rel="page-484" href="../../id3/409/484.html">Petit-déjeuner</a></h3><ul class="menu"><li><a href="../../petit-d%25C3%25A9jeuner-epicerie-sucr%25C3%25A9e/petit-d%25C3%25A9jeuner/caf%25C3%25A9s,-chicor%25C3%25A9es,-chocolats/id0/710.html">Cafés, Chicorées, Chocolats</a></li><li><a href="../../petit-d%25C3%25A9jeuner-epicerie-sucr%25C3%25A9e/petit-d%25C3%25A9jeuner/dosettes,-capsules/id0/431984.html">Dosettes, Capsules</a></li><li><a href="../../petit-d%25C3%25A9jeuner-epicerie-sucr%25C3%25A9e/petit-d%25C3%25A9jeuner/th%25C3%25A9s,-infusions/id0/715.html">Thés, Infusions</a></li><li><a href="../../petit-d%25C3%25A9jeuner-epicerie-sucr%25C3%25A9e/petit-d%25C3%25A9jeuner/c%25C3%25A9r%25C3%25A9ales/id0/709.html">Céréales</a></li><li><a href="../../petit-d%25C3%25A9jeuner-epicerie-sucr%25C3%25A9e/petit-d%25C3%25A9jeuner/biscottes,-tartines/id0/708.html">Biscottes, Tartines</a></li><li><a href="../../petit-d%25C3%25A9jeuner-epicerie-sucr%25C3%25A9e/petit-d%25C3%25A9jeuner/pains-et-viennoiseries/id0/716.html">Pains et Viennoiseries</a></li><li><a href="../../petit-d%25C3%25A9jeuner-epicerie-sucr%25C3%25A9e/petit-d%25C3%25A9jeuner/confitures,-miels,-p%25C3%25A2tes-%25C3%25A0-tartiner/id0/712.html">Confitures, Miels, Pâtes à Tartiner</a></li><li><a href="../../petit-d%25C3%25A9jeuner-epicerie-sucr%25C3%25A9e/petit-d%25C3%25A9jeuner/jus-de-fruits/id0/713.html">Jus de Fruits</a></li><li><a href="../../petit-d%25C3%25A9jeuner-epicerie-sucr%25C3%25A9e/petit-d%25C3%25A9jeuner/laits/id0/714.html">Laits</a></li></ul></li><li><h3><a title="RR2026" rel="page-483" href="../../id3/409/483.html">Biscuits, Goûters</a></h3><ul class="menu"><li><a href="../../petit-d%25C3%25A9jeuner-epicerie-sucr%25C3%25A9e/biscuits,-go%25C3%25BBters/biscuits/id0/693.html">Biscuits</a></li><li><a href="../../petit-d%25C3%25A9jeuner-epicerie-sucr%25C3%25A9e/biscuits,-go%25C3%25BBters/go%25C3%25BBters/id0/431989.html">Goûters </a></li><li><a href="../../petit-d%25C3%25A9jeuner-epicerie-sucr%25C3%25A9e/biscuits,-go%25C3%25BBters/p%25C3%25A2tisseries/id0/696.html">Pâtisseries</a></li></ul></li><li><h3><a title="RR2027" rel="page-485" href="../../id3/409/485.html">Chocolats, Confiseries</a></h3><ul class="menu"><li><a href="../../petit-d%25C3%25A9jeuner-epicerie-sucr%25C3%25A9e/chocolats,-confiseries/tablettes-de-chocolat/id0/701.html">Tablettes de Chocolat</a></li><li><a href="../../petit-d%25C3%25A9jeuner-epicerie-sucr%25C3%25A9e/chocolats,-confiseries/confiseries-chocolat%25C3%25A9es/id0/698.html">Confiseries Chocolatées</a></li><li><a href="../../petit-d%25C3%25A9jeuner-epicerie-sucr%25C3%25A9e/chocolats,-confiseries/bonbons/id0/699.html">Bonbons</a></li><li><a href="../../petit-d%25C3%25A9jeuner-epicerie-sucr%25C3%25A9e/chocolats,-confiseries/chewing-gum/id0/700.html">Chewing Gum</a></li><li><a href="../../petit-d%25C3%25A9jeuner-epicerie-sucr%25C3%25A9e/chocolats,-confiseries/petite-confiserie/id0/702.html">Petite Confiserie</a></li></ul></li><li><h3><a title="RR2028" rel="page-486" href="../../id3/409/486.html">Desserts, Ingrédients</a></h3><ul class="menu"><li><a href="../../petit-d%25C3%25A9jeuner-epicerie-sucr%25C3%25A9e/desserts,-ingr%25C3%25A9dients/sucres,-farines,-levures/id0/706.html">Sucres, Farines, Levures</a></li><li><a href="../../petit-d%25C3%25A9jeuner-epicerie-sucr%25C3%25A9e/desserts,-ingr%25C3%25A9dients/compotes,-cr%25C3%25A8mes/id0/704.html">Compotes, Crèmes</a></li><li><a href="../../petit-d%25C3%25A9jeuner-epicerie-sucr%25C3%25A9e/desserts,-ingr%25C3%25A9dients/desserts-%25C3%25A0-pr%25C3%25A9parer/id0/703.html">Desserts à Préparer</a></li><li><a href="../../petit-d%25C3%25A9jeuner-epicerie-sucr%25C3%25A9e/desserts,-ingr%25C3%25A9dients/fruits-au-sirop/id0/705.html">Fruits au Sirop</a></li><li><a href="../../petit-d%25C3%25A9jeuner-epicerie-sucr%25C3%25A9e/desserts,-ingr%25C3%25A9dients/aides-%25C3%25A0-la-p%25C3%25A2tisserie/id0/707.html">Aides à la Pâtisserie</a></li></ul></li><li><h3><a title="Bien Etre, Forme" rel="page-431988" href="../../id3/409/431988.html">Bien Etre, Forme</a></h3><ul class="menu"><li><a href="../../petit-d%25C3%25A9jeuner-epicerie-sucr%25C3%25A9e/bien-etre,-forme/petit-d%25C3%25A9jeuner/id0/431990.html">Petit Déjeuner</a></li><li><a href="../../petit-d%25C3%25A9jeuner-epicerie-sucr%25C3%25A9e/bien-etre,-forme/biscuits,-go%25C3%25BBters/id0/431991.html">Biscuits, Goûters</a></li><li><a href="../../petit-d%25C3%25A9jeuner-epicerie-sucr%25C3%25A9e/bien-etre,-forme/compl%25C3%25A9ments-alimentaires/id0/431992.html">Compléments alimentaires</a></li><li><a href="../../petit-d%25C3%25A9jeuner-epicerie-sucr%25C3%25A9e/bien-etre,-forme/sans-gluten/id0/431993.html">Sans gluten</a></li></ul></li></ul><?xml version="1.0" encoding="UTF-8"?><a href="http://www.refonte.auchandirect.fr/rayon/511864"><img src="http://www.refonte.auchandirect.fr/static/epiceriesucree.jpg" alt="Accordez-vous une pause sucr&eacute;e !" title="Accordez-vous une pause sucr&eacute;e !" width="150" height="275" /></a>    
<div class="clear"></div></div><div class="clear"></div></div></div></div></li><li><a title="RR1008" href="nouveautes.html#">Boissons</a><div class="hovered_big_menu" id="4112"><div class="menu-panel"><div class="menu-listes-container float-container"><div class="menu-listes"><ul class="menu menu-horizontal menu_left"><li><h3><a title="RR2030" rel="page-478" href="../../id3/411/478.html">Eaux</a></h3><ul class="menu"><li><a href="../../boissons/eaux/eaux-plates/id0/667.html">Eaux plates</a></li><li><a href="../../boissons/eaux/eaux-gazeuses/id0/663.html">Eaux gazeuses</a></li><li><a href="../../boissons/eaux/eaux-aromatis%25C3%25A9es/id0/666.html">Eaux aromatisées</a></li></ul></li><li><h3><a title="RR2031" rel="page-476" href="../../id3/411/476.html">Jus, Softs</a></h3><ul class="menu"><li><a href="../../boissons/jus,-softs/jus-de-fruits,-l%25C3%25A9gumes/id0/672.html">Jus de fruits, Légumes</a></li><li><a href="../../boissons/jus,-softs/jus-de-fruits-frais/id0/433470.html">Jus de fruits frais</a></li><li><a href="../../boissons/jus,-softs/colas,-boissons-gazeuses/id0/671.html">Colas, Boissons gazeuses</a></li><li><a href="../../boissons/jus,-softs/boissons-aromatis%25C3%25A9es,-sirops/id0/670.html">Boissons aromatisées, Sirops</a></li><li><a href="../../boissons/jus,-softs/energ%25C3%25A9tiques,-sports/id0/431982.html">Energétiques, Sports</a></li></ul></li><li><h3><a title="RR2058" rel="page-506" href="../../id3/411/506.html">Vins et Champagnes</a></h3><ul class="menu"><li><a href="../../boissons/vins-et-champagnes/vins-rouges/id0/822.html">Vins rouges</a></li><li><a href="../../boissons/vins-et-champagnes/vins-blancs/id0/819.html">Vins blancs</a></li><li><a href="../../boissons/vins-et-champagnes/vins-ros%25C3%25A9s/id0/821.html">Vins rosés</a></li><li><a href="../../boissons/vins-et-champagnes/champagnes-et-vins-p%25C3%25A9tillants/id0/818.html">Champagnes et vins pétillants</a></li></ul></li><li><h3><a title="RR3373" rel="page-445712" href="../../id3/411/445712.html">Produits Salés Apéritifs</a></h3><ul class="menu"><li><a href="../../boissons/produits-sal%25C3%25A9s-ap%25C3%25A9ritifs/chips,-tuiles/id0/445713.html">Chips, Tuiles</a></li><li><a href="../../boissons/produits-sal%25C3%25A9s-ap%25C3%25A9ritifs/cacahu%25C3%25A8tes,-autres-graines/id0/445714.html">Cacahuètes, Autres Graines</a></li><li><a href="../../boissons/produits-sal%25C3%25A9s-ap%25C3%25A9ritifs/biscuits-sal%25C3%25A9s,-souffl%25C3%25A9s/id0/445715.html">Biscuits Salés, Soufflés</a></li><li><a href="../../boissons/produits-sal%25C3%25A9s-ap%25C3%25A9ritifs/autres-produits-ap%25C3%25A9ritifs/id0/445716.html">Autres Produits Apéritifs</a></li></ul></li><li><h3><a title="RR2032" rel="page-475" href="../../id3/411/475.html">Apéritifs, Digestifs</a></h3><ul class="menu"><li><a href="../../boissons/ap%25C3%25A9ritifs,-digestifs/whiskies/id0/661.html">Whiskies</a></li><li><a href="../../boissons/ap%25C3%25A9ritifs,-digestifs/ap%25C3%25A9ritifs,-anis%25C3%25A9s/id0/662.html">Apéritifs, Anisés</a></li><li><a href="../../boissons/ap%25C3%25A9ritifs,-digestifs/digestifs/id0/658.html">Digestifs</a></li><li><a href="../../boissons/ap%25C3%25A9ritifs,-digestifs/autres-alcools/id0/431962.html">Autres alcools</a></li><li><a href="../../boissons/ap%25C3%25A9ritifs,-digestifs/sans-alcool/id0/431963.html">Sans alcool</a></li></ul></li><li><h3><a title="RR2033" rel="page-474" href="../../id3/411/474.html">Bières, Cidres</a></h3><ul class="menu"><li><a href="../../boissons/bi%25C3%25A8res,-cidres/bi%25C3%25A8res/id0/664.html">Bières</a></li><li><a href="../../boissons/bi%25C3%25A8res,-cidres/cidres/id0/665.html">Cidres</a></li></ul></li></ul><?xml version="1.0" encoding="UTF-8"?><a href="http://www.refonte.auchandirect.fr/rayon/422512"><img src="http://www.refonte.auchandirect.fr/static/S0113_boissonscondi.jpg" alt="Pour vos boissons, pensez gros conditionnement !" title="Pour vos boissons, pensez gros conditionnement !" width="150" height="275" /></a>     
<div class="clear"></div></div><div class="clear"></div></div></div></div></li><li><a title="RR1012" href="nouveautes.html#">Bébé</a><div class="hovered_big_menu" id="4102"><div class="menu-panel"><div class="menu-listes-container float-container"><div class="menu-listes"><ul class="menu menu-horizontal menu_left"><li><h3><a title="RR2048" rel="page-490" href="../../id3/410/490.html">Couches, Culottes</a></h3><ul class="menu"><li><a href="../../b%25C3%25A9b%25C3%25A9/couches,-culottes/nouveau-n%25C3%25A9s/id0/718.html">Nouveau-nés</a></li><li><a href="../../b%25C3%25A9b%25C3%25A9/couches,-culottes/3-9-kg/id0/721.html">3-9 kg</a></li><li><a href="../../b%25C3%25A9b%25C3%25A9/couches,-culottes/7-20-kg/id0/717.html">7-20 kg</a></li><li><a href="../../b%25C3%25A9b%25C3%25A9/couches,-culottes/11-35-kg/id0/719.html">11-35 kg</a></li><li><a href="../../b%25C3%25A9b%25C3%25A9/couches,-culottes/culottes/id0/720.html">Culottes</a></li></ul></li><li><h3><a title="RR2047" rel="page-487" href="../../id3/410/487.html">Laits bébé</a></h3><ul class="menu"><li><a href="../../b%25C3%25A9b%25C3%25A9/laits-b%25C3%25A9b%25C3%25A9/croissance/id0/725.html">Croissance</a></li><li><a href="../../b%25C3%25A9b%25C3%25A9/laits-b%25C3%25A9b%25C3%25A9/laits-1er-age/id0/722.html">Laits 1er Age</a></li><li><a href="../../b%25C3%25A9b%25C3%25A9/laits-b%25C3%25A9b%25C3%25A9/laits-2%25C3%25A8me-age/id0/723.html">Laits 2ème Age</a></li><li><a href="../../b%25C3%25A9b%25C3%25A9/laits-b%25C3%25A9b%25C3%25A9/laits-infantiles-bio/id0/724.html">Laits Infantiles Bio</a></li></ul></li><li><h3><a title="RR2046" rel="page-488" href="../../id3/410/488.html">Alimentation bébé</a></h3><ul class="menu"><li><a href="../../b%25C3%25A9b%25C3%25A9/alimentation-b%25C3%25A9b%25C3%25A9/petit-d%25C3%25A9jeuner/id0/727.html">Petit-déjeuner</a></li><li><a href="../../b%25C3%25A9b%25C3%25A9/alimentation-b%25C3%25A9b%25C3%25A9/petits-pots,-assiettes/id0/729.html">Petits Pots, Assiettes</a></li><li><a href="../../b%25C3%25A9b%25C3%25A9/alimentation-b%25C3%25A9b%25C3%25A9/go%25C3%25BBters,-desserts/id0/730.html">Goûters, Desserts</a></li><li><a href="../../b%25C3%25A9b%25C3%25A9/alimentation-b%25C3%25A9b%25C3%25A9/boissons/id0/728.html">Boissons</a></li><li><a href="../../b%25C3%25A9b%25C3%25A9/alimentation-b%25C3%25A9b%25C3%25A9/alimentation-b%25C3%25A9b%25C3%25A9-bio/id0/726.html">Alimentation Bébé Bio</a></li></ul></li><li><h3><a title="RR2049" rel="page-489" href="../../id3/410/489.html">Toilette et Soin</a></h3><ul class="menu"><li><a href="../../b%25C3%25A9b%25C3%25A9/toilette-et-soin/cotons,-lingettes/id0/731.html">Cotons, Lingettes</a></li><li><a href="../../b%25C3%25A9b%25C3%25A9/toilette-et-soin/toilette/id0/732.html">Toilette</a></li><li><a href="../../b%25C3%25A9b%25C3%25A9/toilette-et-soin/soins/id0/733.html">Soins</a></li><li><a href="../../b%25C3%25A9b%25C3%25A9/toilette-et-soin/accessoires-de-pu%25C3%25A9riculture/id0/736.html">Accessoires de Puériculture</a></li><li><a href="../../b%25C3%25A9b%25C3%25A9/toilette-et-soin/pour-la-maman/id0/734.html">Pour la Maman</a></li></ul></li></ul><?xml version="1.0" encoding="UTF-8"?><a href="http://www.refonte.auchandirect.fr/rayon/112962"><img src="http://www.refonte.auchandirect.fr/static/S0213bebe.jpg" alt="Auchan Baby r&eacute;gale les b&eacute;b&eacute;s" title="Auchan Baby r&eacute;gale les b&eacute;b&eacute;s" width="150" height="275" /></a>    
<div class="clear"></div></div><div class="clear"></div></div></div></div></li><li><a title="RR1001" href="nouveautes.html#">Bio<br/>Ecolo</a><div class="hovered_big_menu" id="4052"><div class="menu-panel"><div class="menu-listes-container float-container"><div class="menu-listes"><ul class="menu menu-horizontal menu_left"><li><h3><a title="RR2002" rel="page-456" href="../../id3/405/456.html">Produits Frais et Surgelés Bio</a></h3><ul class="menu"><li><a href="../../bio-ecolo/produits-frais-et-surgel%25C3%25A9s-bio/charcuterie,-traiteur/id0/575.html">Charcuterie,  Traiteur</a></li><li><a href="../../bio-ecolo/produits-frais-et-surgel%25C3%25A9s-bio/fruits,-l%25C3%25A9gumes/id0/574.html">Fruits,  Légumes</a></li><li><a href="../../bio-ecolo/produits-frais-et-surgel%25C3%25A9s-bio/laitages,-oeufs/id0/576.html">Laitages, Oeufs</a></li><li><a href="../../bio-ecolo/produits-frais-et-surgel%25C3%25A9s-bio/surgel%25C3%25A9s/id0/577.html">Surgelés</a></li><li><a href="../../bio-ecolo/produits-frais-et-surgel%25C3%25A9s-bio/viandes,-volailles,-poissons/id0/578.html">Viandes,  Volailles,  Poissons</a></li></ul></li><li><h3><a title="RR2003" rel="page-458" href="../../id3/405/458.html">Epicerie Bio</a></h3><ul class="menu"><li><a href="../../bio-ecolo/epicerie-bio/biscuits,-epicerie-sucr%25C3%25A9e/id0/567.html">Biscuits,  Epicerie Sucrée</a></li><li><a href="../../bio-ecolo/epicerie-bio/petit-d%25C3%25A9jeuner/id0/573.html">Petit-déjeuner</a></li><li><a href="../../bio-ecolo/epicerie-bio/conserves,-plats-cuisin%25C3%25A9s/id0/565.html">Conserves,  Plats Cuisinés</a></li><li><a href="../../bio-ecolo/epicerie-bio/p%25C3%25A2tes,-riz,-c%25C3%25A9r%25C3%25A9ales/id0/570.html">Pâtes,  Riz,  Céréales</a></li><li><a href="../../bio-ecolo/epicerie-bio/sauces,-condiments/id0/572.html">Sauces,  Condiments</a></li></ul></li><li><h3><a title="RR2004" rel="page-455" href="../../id3/405/455.html">Boissons Bio</a></h3><ul class="menu"><li><a href="../../bio-ecolo/boissons-bio/alcools/id0/554.html">Alcools</a></li><li><a href="../../bio-ecolo/boissons-bio/jus-de-fruits,-l%25C3%25A9gumes/id0/557.html">Jus de Fruits,  Légumes</a></li><li><a href="../../bio-ecolo/boissons-bio/lait,-soja,-riz/id0/563.html">Lait,  Soja, riz</a></li></ul></li><li><h3><a title="RR2001" rel="page-454" href="../../id3/405/454.html">Bébé Bio</a></h3><ul class="menu"><li><a href="../../bio-ecolo/b%25C3%25A9b%25C3%25A9-bio/alimentation-b%25C3%25A9b%25C3%25A9/id0/558.html">Alimentation Bébé</a></li><li><a href="../../bio-ecolo/b%25C3%25A9b%25C3%25A9-bio/laits-b%25C3%25A9b%25C3%25A9/id0/556.html">Laits Bébé</a></li><li><a href="../../bio-ecolo/b%25C3%25A9b%25C3%25A9-bio/toilette,-soins/id0/555.html">Toilette, Soins</a></li></ul></li><li><h3><a title="RR2005" rel="page-457" href="../../id3/405/457.html">Entretien,  Hygiène Bio Ecolo</a></h3><ul class="menu"><li><a href="../../bio-ecolo/entretien,-hygi%25C3%25A8ne-bio-ecolo/entretien/id0/559.html">Entretien</a></li><li><a href="../../bio-ecolo/entretien,-hygi%25C3%25A8ne-bio-ecolo/soins-de-la-personne/id0/562.html">Soins de la Personne</a></li><li><a href="../../bio-ecolo/entretien,-hygi%25C3%25A8ne-bio-ecolo/piles,-ampoules/id0/564.html">Piles, Ampoules</a></li></ul></li></ul><?xml version="1.0" encoding="UTF-8"?><a href="http://www.refonte.auchandirect.fr/rayon/82018"><img src="http://www.refonte.auchandirect.fr/static/150x275_bio.jpg" alt="" width="150" height="275" /></a>   
<div class="clear"></div></div><div class="clear"></div></div></div></div></li><li><a title="RR1010" href="nouveautes.html#">Hygiène<br/>Beauté</a><div class="hovered_big_menu" id="4122"><div class="menu-panel"><div class="menu-listes-container float-container"><div class="menu-listes"><ul class="menu menu-horizontal menu_left"><li><h3><a title="RR2038" rel="page-492" href="../../id3/412/492.html">Corps</a></h3><ul class="menu"><li><a href="../../hygi%25C3%25A8ne-beaut%25C3%25A9/corps/douche,-bain/id0/746.html">Douche, Bain</a></li><li><a href="../../hygi%25C3%25A8ne-beaut%25C3%25A9/corps/savons/id0/748.html">Savons</a></li><li><a href="../../hygi%25C3%25A8ne-beaut%25C3%25A9/corps/d%25C3%25A9odorants/id0/744.html">Déodorants</a></li><li><a href="../../hygi%25C3%25A8ne-beaut%25C3%25A9/corps/cr%25C3%25A8mes,-soins-du-corps/id0/745.html">Crèmes, Soins du Corps</a></li><li><a href="../../hygi%25C3%25A8ne-beaut%25C3%25A9/corps/soins-mains,-pieds/id0/751.html">Soins Mains, Pieds</a></li><li><a href="../../hygi%25C3%25A8ne-beaut%25C3%25A9/corps/epilation-f%25C3%25A9minine/id0/750.html">Epilation Féminine</a></li><li><a href="../../hygi%25C3%25A8ne-beaut%25C3%25A9/corps/hygi%25C3%25A8ne-intime/id0/749.html">Hygiène intime</a></li><li><a href="../../hygi%25C3%25A8ne-beaut%25C3%25A9/corps/solaires/id0/754.html">Solaires</a></li></ul></li><li><h3><a title="RR2037" rel="page-491" href="../../id3/412/491.html">Cheveux</a></h3><ul class="menu"><li><a href="../../hygi%25C3%25A8ne-beaut%25C3%25A9/cheveux/shampooings/id0/743.html">Shampooings</a></li><li><a href="../../hygi%25C3%25A8ne-beaut%25C3%25A9/cheveux/apr%25C3%25A8s-shampooings/id0/738.html">Après shampooings</a></li><li><a href="../../hygi%25C3%25A8ne-beaut%25C3%25A9/cheveux/masques,-soins-capillaires/id0/741.html">Masques, Soins Capillaires</a></li><li><a href="../../hygi%25C3%25A8ne-beaut%25C3%25A9/cheveux/coiffants/id0/740.html">Coiffants</a></li></ul></li><li><h3><a title="RR2036" rel="page-493" href="../../id3/412/493.html">Visage</a></h3><ul class="menu"><li><a href="../../hygi%25C3%25A8ne-beaut%25C3%25A9/visage/cotons,-lingettes/id0/761.html">Cotons, Lingettes</a></li><li><a href="../../hygi%25C3%25A8ne-beaut%25C3%25A9/visage/toilette-du-visage/id0/766.html">Toilette du Visage</a></li><li><a href="../../hygi%25C3%25A8ne-beaut%25C3%25A9/visage/soins-dentaires/id0/764.html">Soins Dentaires</a></li><li><a href="../../hygi%25C3%25A8ne-beaut%25C3%25A9/visage/soins-du-visage/id0/767.html">Soins du Visage</a></li><li><a href="../../hygi%25C3%25A8ne-beaut%25C3%25A9/visage/maquillage/id0/765.html">Maquillage</a></li></ul></li><li><h3><a title="Hommes" rel="page-433468" href="../../id3/412/433468.html">Hommes</a></h3><ul class="menu"><li><a href="../../hygi%25C3%25A8ne-beaut%25C3%25A9/hommes/rasage,-soins-hommes/id0/763.html">Rasage, Soins Hommes</a></li><li><a href="../../hygi%25C3%25A8ne-beaut%25C3%25A9/hommes/cheveux/id0/739.html">Cheveux</a></li><li><a href="../../hygi%25C3%25A8ne-beaut%25C3%25A9/hommes/douche,-bain/id0/747.html">Douche, Bain</a></li><li><a href="../../hygi%25C3%25A8ne-beaut%25C3%25A9/hommes/d%25C3%25A9odorants/id0/1707.html">Déodorants</a></li></ul></li><li><h3><a title="RR2040" rel="page-494" href="../../id3/412/494.html">Papier, Parapharmacie</a></h3><ul class="menu"><li><a href="../../hygi%25C3%25A8ne-beaut%25C3%25A9/papier,-parapharmacie/papiers-toilette/id0/753.html">Papiers toilette</a></li><li><a href="../../hygi%25C3%25A8ne-beaut%25C3%25A9/papier,-parapharmacie/essuie-tout/id0/752.html">Essuie-tout</a></li><li><a href="../../hygi%25C3%25A8ne-beaut%25C3%25A9/papier,-parapharmacie/mouchoirs/id0/756.html">Mouchoirs</a></li><li><a href="../../hygi%25C3%25A8ne-beaut%25C3%25A9/papier,-parapharmacie/parapharmacie/id0/495.html">Parapharmacie</a></li><li><a href="../../hygi%25C3%25A8ne-beaut%25C3%25A9/papier,-parapharmacie/solaires/id0/759.html">Solaires</a></li></ul></li></ul><?xml version="1.0" encoding="UTF-8"?><a href="../../detailProduit/-1/LV0000002179.html"><img src="http://www.refonte.auchandirect.fr/static/S0113_hygiene.jpg" alt="La promo de la semaine au rayon hygiene beaut&eacute;" title="La promo de la semaine au rayon hygiene beaut&eacute;" width="150" height="275" /></a>    
<div class="clear"></div></div><div class="clear"></div></div></div></div></li><li><a title="RR1011" href="nouveautes.html#">Entretien</a><div class="hovered_big_menu" id="4142"><div class="menu-panel"><div class="menu-listes-container float-container"><div class="menu-listes"><ul class="menu menu-horizontal menu_left"><li><h3><a title="RR2045" rel="page-499" href="../../id3/414/499.html">Papiers</a></h3><ul class="menu"><li><a href="../../entretien/papiers/essuies-tout/id0/775.html">Essuies tout</a></li><li><a href="../../entretien/papiers/mouchoirs/id0/774.html">Mouchoirs</a></li><li><a href="../../entretien/papiers/papiers-toilette/id0/776.html">Papiers toilette</a></li></ul></li><li><h3><a title="RR2041" rel="page-500" href="../../id3/414/500.html">Soin du Linge</a></h3><ul class="menu"><li><a href="../../entretien/soin-du-linge/lessives/id0/792.html">Lessives</a></li><li><a href="../../entretien/soin-du-linge/assouplissants/id0/790.html">Assouplissants</a></li><li><a href="../../entretien/soin-du-linge/aides-au-lavage/id0/788.html">Aides au Lavage</a></li></ul></li><li><h3><a title="RR2043" rel="page-497" href="../../id3/414/497.html">Produits ménagers</a></h3><ul class="menu"><li><a href="../../entretien/produits-m%25C3%25A9nagers/cuisine,-salle-de-bain,-javel/id0/778.html">Cuisine, Salle de bain, Javel</a></li><li><a href="../../entretien/produits-m%25C3%25A9nagers/multi-usages/id0/784.html">Multi-usages</a></li><li><a href="../../entretien/produits-m%25C3%25A9nagers/lingettes-nettoyantes/id0/780.html">Lingettes Nettoyantes</a></li><li><a href="../../entretien/produits-m%25C3%25A9nagers/sols/id0/785.html">Sols</a></li><li><a href="../../entretien/produits-m%25C3%25A9nagers/vitres,-meubles/id0/787.html">Vitres, Meubles</a></li><li><a href="../../entretien/produits-m%25C3%25A9nagers/wc,-d%25C3%25A9boucheurs/id0/789.html">WC, Déboucheurs</a></li><li><a href="../../entretien/produits-m%25C3%25A9nagers/produits-ecolo/id0/786.html">Produits Ecolo</a></li></ul></li><li><h3><a title="RR2042" rel="page-496" href="../../id3/414/496.html">Vaisselle</a></h3><ul class="menu"><li><a href="../../entretien/vaisselle/lavage-en-machine/id0/793.html">Lavage en Machine</a></li><li><a href="../../entretien/vaisselle/liquides-vaisselle/id0/795.html">Liquides Vaisselle</a></li><li><a href="../../entretien/vaisselle/gants,-eponges/id0/794.html">Gants, Eponges</a></li></ul></li><li><h3><a title="RR2044" rel="page-498" href="../../id3/414/498.html">Cuisine</a></h3><ul class="menu"><li><a href="../../entretien/cuisine/sacs-poubelle/id0/773.html">Sacs Poubelle</a></li><li><a href="../../entretien/cuisine/aides-%25C3%25A0-la-conservation,-cuisson/id0/768.html">Aides à la Conservation, Cuisson</a></li><li><a href="../../entretien/cuisine/bo%25C3%25AEtes-herm%25C3%25A9tiques,-vaisselle-jetable/id0/770.html">Boîtes Hermétiques, Vaisselle Jetable</a></li><li><a href="../../entretien/cuisine/ustensiles-de-cuisine,-filtres-%25C3%25A0-caf%25C3%25A9/id0/769.html">Ustensiles de cuisine, Filtres à café</a></li><li><a href="../../entretien/cuisine/gants,-eponges/id0/772.html">Gants, Eponges</a></li></ul></li></ul><?xml version="1.0" encoding="UTF-8"?><a href="http://www.refonte.auchandirect.fr/rayon/511866"><img src="http://www.refonte.auchandirect.fr/static/S0113_entretien.jpg" alt="Tout pour la maison" title="Tout pour la maison" width="150" height="275" /></a>    
<div class="clear"></div></div><div class="clear"></div></div></div></div></li><li><a title="RR1013" href="nouveautes.html#">Animaux<br/>Maison</a><div class="hovered_big_menu" id="4152"><div class="menu-panel"><div class="menu-listes-container float-container"><div class="menu-listes"><ul class="menu menu-horizontal menu_left"><li><h3><a title="RR2051" rel="page-501" href="../../id3/415/501.html">Animaux</a></h3><ul class="menu"><li><a href="../../animaux-maison/animaux/chats/id0/797.html">Chats</a></li><li><a href="../../animaux-maison/animaux/chiens/id0/798.html">Chiens</a></li><li><a href="../../animaux-maison/animaux/rongeurs---autres-animaux/id0/796.html">Rongeurs - Autres animaux</a></li></ul></li><li><h3><a title="RR2054" rel="page-503" href="../../id3/415/503.html">Droguerie</a></h3><ul class="menu"><li><a href="../../animaux-maison/droguerie/d%25C3%25A9sodorisants/id0/802.html">Désodorisants</a></li><li><a href="../../animaux-maison/droguerie/bougies,-allumettes/id0/799.html">Bougies, Allumettes</a></li><li><a href="../../animaux-maison/droguerie/insecticides/id0/803.html">Insecticides</a></li><li><a href="../../animaux-maison/droguerie/cirages/id0/801.html">Cirages</a></li></ul></li><li><h3><a title="RR2055" rel="page-505" href="../../id3/415/505.html">Maison pratique</a></h3><ul class="menu"><li><a href="../../animaux-maison/maison-pratique/accessoires-cuisine/id0/804.html">Accessoires Cuisine</a></li><li><a href="../../animaux-maison/maison-pratique/ampoules,-piles/id0/806.html">Ampoules, Piles</a></li><li><a href="../../animaux-maison/maison-pratique/allumettes/id0/808.html">Allumettes</a></li><li><a href="../../animaux-maison/maison-pratique/divers/id0/805.html">Divers</a></li></ul></li><li><h3><a title="RR2056" rel="page-504" href="../../id3/415/504.html">Papeterie</a></h3><ul class="menu"><li><a href="../../animaux-maison/papeterie/ecriture/id0/813.html">Ecriture</a></li><li><a href="../../animaux-maison/papeterie/papiers,-cahiers/id0/812.html">Papiers, Cahiers</a></li><li><a href="../../animaux-maison/papeterie/cartouches-imprimantes/id0/809.html">Cartouches imprimantes</a></li></ul></li><li><h3><a title="RR2052" rel="page-502" href="../../id3/415/502.html">Textile</a></h3><ul class="menu"><li><a href="../../animaux-maison/textile/collants,-leggings/id0/815.html">Collants, Leggings</a></li><li><a href="../../animaux-maison/textile/bas,-mi-bas/id0/814.html">Bas, Mi-bas</a></li></ul></li></ul><?xml version="1.0" encoding="UTF-8"?><a href="../../animaux-maison/animaux/liti%25C3%25A8re-compacte-hyper-absorbante/id1/501/23329.html"><img src="http://www.refonte.auchandirect.fr/static/S0113_animaux.jpg" alt="La promo des animaux" title="La promo des animaux" width="150" height="275" /></a>    
<div class="clear"></div></div><div class="clear"></div></div></div></div></li><li><a title="titre Boutiques" rel="page-boutiques" href="nouveautes.html#">Boutiques</a><div class="hovered_big_menu" id="4152"><div class="menu-panel"><div class="menu-listes-container float-container"><?xml version="1.0" encoding="UTF-8"?><div class="boutique-cont" style="background: none repeat scroll 0% 0% #ffffff; border-radius: 8px 8px 8px 8px; padding: 5px">
<div class="promo-moment" style="width: 590px; margin: 0px 0px 10px; float: left">
<h1>&Agrave; ne pas rater en ce moment</h1>
<ul>
	<li style="padding: 0px 12px; margin: 17px 0px">	
	<a style="background: none repeat scroll 0% 0% transparent ! important; border-left: medium none ! important; margin: 0px ! important; height: auto" href="http://www.refonte.auchandirect.fr/rayon/510514"><img src="http://www.refonte.auchandirect.fr/static/produitsfestifs.jpg" alt="Destockage!" /></a>	
	<h2>Destockage sur les produits festifs !</h2>	
	<p>
	Jusqu'&agrave; -50% vous attendent sur une selection de produits festifs...	
	</p>
	<a href="http://www.refonte.auchandirect.fr/rayon/510514">&gt;&gt; Voir les offres</a>	</li>	
	<li style="padding: 0px 12px; margin: 17px 0px"><a style="background: none repeat scroll 0% 0% transparent ! important; border-left: medium none ! important; margin: 0px ! important; height: auto" href="../../rayon.customerinfos.minibasket.validatebasket%3Ft:ac=promos.html"><img src="http://www.refonte.auchandirect.fr/static/promos2013.gif" alt="Bonne Ann&eacute;e!" /> 	</a>	
	<h2>Bonne Ann&eacute;e !</h2>	
	<p>
	Retrouvez les premi&egrave;res promotions de l'ann&eacute;e...	
	</p>
	<a href="../../rayon.customerinfos.minibasket.validatebasket%3Ft:ac=promos.html">&gt;&gt; Voir les offres</a>	</li>
</ul>
</div>
<div class="produits-a-decouvrir" style="float: right; margin: 0px 0px 10px">
<h2 style="color: #ffffff; background: none repeat scroll 0% 0% #ff7f1e; border-radius: 6px 6px 0px 0px">Je ma&icirc;trise mon budget</h2>
<ul>
	<li class="first-bord" style="float: left; border-top: 1px solid #ff7f1e ! important; padding-left: 9px">	<a style="background: none repeat scroll 0% 0% transparent ! important; border-left: medium none ! important; padding: 0px; margin: 0px ! important; float: left" href="http://www.refonte.auchandirect.fr/rayon/471412"><img src="http://www.refonte.auchandirect.fr/static/produitsauchan2.gif" alt="Produits Auchan" /></a>  	
	<div class="infos">
	<h3 style="font-size: 1.2em">Produits Auchan</h3>	
	<p style="font-size: 12px">
	Retrouvez une s&eacute;lection de pr&egrave;s de 100 produits Auchan du quotidien &agrave; petit prix	
	</p>
	<a style="border: medium none ! important; padding-left: 0px ! important" href="http://www.refonte.auchandirect.fr/rayon/471412">&gt;&gt; 	Parcourir</a>	
	</div>
	</li>	
	<li style="float: left; padding-left: 9px">	
	<a style="background: none repeat scroll 0% 0% transparent ! important; border-left: medium none ! important; padding: 0px; margin: 0px ! important; float: left" href="http://www.refonte.auchandirect.fr/rayon/82018"><img src="http://www.refonte.auchandirect.fr/static/bio1euro.gif" alt="Bioa1euro" /></a>
	<div class="infos">
	<h3 style="font-size: 1.2em">Le bio &agrave; moins d' 1 euro</h3>
	<p style="font-size: 12px">
	Restez bio toute l'ann&eacute;e sans vous ruiner !<a style="border: medium none ! important; padding-left: 0px ! important" href="http://www.refonte.auchandirect.fr/rayon/82018">&gt;&gt; D&eacute;couvrir</a>	
	</p>
	</div>
	</li>	
	<li style="float: left; padding-left: 9px">	<a style="background: none repeat scroll 0% 0% transparent ! important; border-left: medium none ! important; padding: 0px; margin: 0px ! important; float: left"><img src="http://www.refonte.auchandirect.fr/static/riketrok.gif" alt="Rik et Rok" /></a>	
	<div class="infos">
	<h3 style="font-size: 1.2em">Rik&amp;Rok</h3>	
	<p style="font-size: 12px">
	La gamme ludique et savoureuse pour le plus grand bonheur de vos enfants !	
	</p>
	<a style="border: medium none ! important; padding-left: 0px ! important" href="http://www.refonte.auchandirect.fr/rayon/562314">&gt;&gt; D&eacute;couvrir</a>	
	</div>
	</li>
</ul>
</div>
<div class="promo-bottom" style="margin: 0px ! important; overflow: hidden">
<a style="background: none repeat scroll 0% 0% transparent ! important; border-left: medium none ! important; padding: 0px; margin: 0px ! important; float: left" href="http://auchandirect.photobox.fr/content/private-sales?cid=banvpi012013"><img src="http://www.refonte.auchandirect.fr/static/photobox.jpg" alt="Auchan direct photo" /></a>
<h1 style="width: 440px">Jusqu'au 13 Janvier minuit retrouvez nos offres priv&eacute;es :<span> jusqu'&agrave; -70% !</span></h1>
<a style="border: medium none ! important" href="http://auchandirect.photobox.fr/content/private-sales?cid=banvpi012013" class="btn-offre">J'y vais !</a>
</div>
</div>
</div></div></div></li></ul></div><div><script language="javascript">
var tc_vars = new Array();
/* Partie Environnement */
tc_vars["env_template"]="Sous Rayon";
tc_vars["env_work"]="prod";
tc_vars["env_channel"]="web";
tc_vars["env_language"]="français";
tc_vars["env_country"]="France";
tc_vars["env_dnt"]="disabled";
/* Partie Users */
tc_vars["user_rcw"]="";
tc_vars["user_id"]="";
tc_vars["user_gender"]="";
tc_vars["user_category"]="";
tc_vars["user_recency"]="";
tc_vars["user_frequency"]="";
tc_vars["user_amount"]="";
tc_vars["user_smb"]="";
tc_vars["user_logged"]="0";
tc_vars["user_age"]="";
tc_vars["user_scoring"]="000";
tc_vars["user_store"]="Morangis";
tc_vars["user_postalcode"]="91420";
/* Partie Tree structure */
tc_vars["page_cat1"]="nouveautes";
tc_vars["page_cat2"]="";
tc_vars["page_cat3"]="";
tc_vars["page_name"]="Courses en ligne, livraison à domicile en 24h - Auchandirect.fr";
tc_vars["page_error"]="";
/* Partie Panier */
tc_vars["order_id"]="";
tc_vars["basket_id"]="0";
tc_vars["order_amount_ati_without_sf"]="";
tc_vars["order_amount_ati_with_sf"]="";
tc_vars["order_discount_ati"]="";
tc_vars["order_ship_ati"]="";
tc_vars["order_amount_tf_without_sf"]="";
tc_vars["order_amount_tf_with_sf"]="";
tc_vars["order_discount_tf"]="";
tc_vars["order_ship_tf"]="";
tc_vars["order_newcustomer"]="";
tc_vars["order_tax"]="";
tc_vars["order_payment_methods"]="";
tc_vars["order_shipping_method"]="LAD";
tc_vars["order_status"]="";
tc_vars["order_promo_codes"]="";
tc_vars["order_currency"]="";
tc_vars["order_email"]="";
tc_vars["order_email_optin"]="";
tc_vars["order_products_number"]="0";

tc_vars["order_products"] = new Array();

/* Partie Produit */
tc_vars["product_id"]="";
tc_vars["product_id_cug"]="";
tc_vars["product_id_upsell1"]="";
tc_vars["product_id_upsell2"]="";
tc_vars["product_id_upsell3"]="";
tc_vars["product_id_crossell1"]="";
tc_vars["product_id_crossell2"]="";
tc_vars["product_id_crossell3"]="";
tc_vars["product_name"]="";
tc_vars["product_unitprice_ati"]="";
tc_vars["product_unitprice_tf"]="";
tc_vars["product_currency"]="";
tc_vars["product_trademark"]="";
tc_vars["product_url_page"]="";
tc_vars["product_url_picture"]="";
tc_vars["product_isbundle"]="";
tc_vars["product_breadcrumb_id"]="";
tc_vars["product_breadcrumb_label"]="";
tc_vars["product_rating"]="";
tc_vars["product_instock"]="";
/* Partie Liste Produit */
tc_vars["list_products"] = new Array();

tc_vars["list_products"][0] = new Array();
tc_vars["list_products"][0]["list_product_id"]="170358";
tc_vars["list_products"][0]["list_product_id_cug"]="79482";
tc_vars["list_products"][0]["list_product_id_upsell1"]="";
tc_vars["list_products"][0]["list_product_id_upsell2"]="";
tc_vars["list_products"][0]["list_product_id_upsell3"]="";
tc_vars["list_products"][0]["list_product_id_crossell1"]="";
tc_vars["list_products"][0]["list_product_id_crossell2"]="";
tc_vars["list_products"][0]["list_product_id_crossell3"]="";
tc_vars["list_products"][0]["list_product_name"]="Yaourts aux frutis panachés";
tc_vars["list_products"][0]["list_product_unitprice_ati"]="5.19€";
tc_vars["list_products"][0]["list_product_discount_ati"]="0.00€";
tc_vars["list_products"][0]["list_product_unitprice_tf"]="5.19€";
tc_vars["list_products"][0]["list_product_currency"]="EUR";
tc_vars["list_products"][0]["list_product_trademark"]="ACTIVIA";
tc_vars["list_products"][0]["list_product_url_page"]="http://www.refonte.auchandirect.fr/detailproduit/464/79482";
tc_vars["list_products"][0]["list_product_url_picture"]="http://www.refonte.auchandirect.fr/static/images/products/detail/79482.jpg";
tc_vars["list_products"][0]["list_product_isbundle"]="N";
tc_vars["list_products"][0]["list_product_breadcrumb_id"]="464";
tc_vars["list_products"][0]["list_product_breadcrumb_label"]="Yaourts, Desserts";
tc_vars["list_products"][0]["list_product_rating"]="";
tc_vars["list_products"][0]["list_product_instock"]="Y";
tc_vars["list_products"][0]["list_product_totalprice_tf"]="5.19€"
tc_vars["list_products"][0]["list_product_trademark"]="ACTIVIA"

tc_vars["list_products"][1] = new Array();
tc_vars["list_products"][1]["list_product_id"]="153779";
tc_vars["list_products"][1]["list_product_id_cug"]="94655";
tc_vars["list_products"][1]["list_product_id_upsell1"]="";
tc_vars["list_products"][1]["list_product_id_upsell2"]="";
tc_vars["list_products"][1]["list_product_id_upsell3"]="";
tc_vars["list_products"][1]["list_product_id_crossell1"]="";
tc_vars["list_products"][1]["list_product_id_crossell2"]="";
tc_vars["list_products"][1]["list_product_id_crossell3"]="";
tc_vars["list_products"][1]["list_product_name"]="Ketchup top";
tc_vars["list_products"][1]["list_product_unitprice_ati"]="2.48€";
tc_vars["list_products"][1]["list_product_discount_ati"]="0.00€";
tc_vars["list_products"][1]["list_product_unitprice_tf"]="2.48€";
tc_vars["list_products"][1]["list_product_currency"]="EUR";
tc_vars["list_products"][1]["list_product_trademark"]="AMORA";
tc_vars["list_products"][1]["list_product_url_page"]="http://www.refonte.auchandirect.fr/detailproduit/482/94655";
tc_vars["list_products"][1]["list_product_url_picture"]="http://www.refonte.auchandirect.fr/static/images/products/detail/94655.jpg";
tc_vars["list_products"][1]["list_product_isbundle"]="N";
tc_vars["list_products"][1]["list_product_breadcrumb_id"]="482";
tc_vars["list_products"][1]["list_product_breadcrumb_label"]="Sauces, Condiments";
tc_vars["list_products"][1]["list_product_rating"]="";
tc_vars["list_products"][1]["list_product_instock"]="Y";
tc_vars["list_products"][1]["list_product_totalprice_tf"]="2.48€"
tc_vars["list_products"][1]["list_product_trademark"]="AMORA"

tc_vars["list_products"][2] = new Array();
tc_vars["list_products"][2]["list_product_id"]="462193";
tc_vars["list_products"][2]["list_product_id_cug"]="86494";
tc_vars["list_products"][2]["list_product_id_upsell1"]="";
tc_vars["list_products"][2]["list_product_id_upsell2"]="";
tc_vars["list_products"][2]["list_product_id_upsell3"]="";
tc_vars["list_products"][2]["list_product_id_crossell1"]="";
tc_vars["list_products"][2]["list_product_id_crossell2"]="";
tc_vars["list_products"][2]["list_product_id_crossell3"]="";
tc_vars["list_products"][2]["list_product_name"]="Saucisson";
tc_vars["list_products"][2]["list_product_unitprice_ati"]="4.65€";
tc_vars["list_products"][2]["list_product_discount_ati"]="0.00€";
tc_vars["list_products"][2]["list_product_unitprice_tf"]="4.65€";
tc_vars["list_products"][2]["list_product_currency"]="EUR";
tc_vars["list_products"][2]["list_product_trademark"]="AOSTE";
tc_vars["list_products"][2]["list_product_url_page"]="http://www.refonte.auchandirect.fr/detailproduit/439512/86494";
tc_vars["list_products"][2]["list_product_url_picture"]="http://www.refonte.auchandirect.fr/static/images/products/detail/86494.jpg";
tc_vars["list_products"][2]["list_product_isbundle"]="N";
tc_vars["list_products"][2]["list_product_breadcrumb_id"]="439512";
tc_vars["list_products"][2]["list_product_breadcrumb_label"]="Produits Festifs";
tc_vars["list_products"][2]["list_product_rating"]="";
tc_vars["list_products"][2]["list_product_instock"]="Y";
tc_vars["list_products"][2]["list_product_totalprice_tf"]="4.65€"
tc_vars["list_products"][2]["list_product_trademark"]="AOSTE"

tc_vars["list_products"][3] = new Array();
tc_vars["list_products"][3]["list_product_id"]="462194";
tc_vars["list_products"][3]["list_product_id_cug"]="86549";
tc_vars["list_products"][3]["list_product_id_upsell1"]="";
tc_vars["list_products"][3]["list_product_id_upsell2"]="";
tc_vars["list_products"][3]["list_product_id_upsell3"]="";
tc_vars["list_products"][3]["list_product_id_crossell1"]="";
tc_vars["list_products"][3]["list_product_id_crossell2"]="";
tc_vars["list_products"][3]["list_product_id_crossell3"]="";
tc_vars["list_products"][3]["list_product_name"]="Saucisse sèche";
tc_vars["list_products"][3]["list_product_unitprice_ati"]="3.99€";
tc_vars["list_products"][3]["list_product_discount_ati"]="0.00€";
tc_vars["list_products"][3]["list_product_unitprice_tf"]="3.99€";
tc_vars["list_products"][3]["list_product_currency"]="EUR";
tc_vars["list_products"][3]["list_product_trademark"]="AOSTE";
tc_vars["list_products"][3]["list_product_url_page"]="http://www.refonte.auchandirect.fr/detailproduit/439512/86549";
tc_vars["list_products"][3]["list_product_url_picture"]="http://www.refonte.auchandirect.fr/static/images/products/detail/86549.jpg";
tc_vars["list_products"][3]["list_product_isbundle"]="N";
tc_vars["list_products"][3]["list_product_breadcrumb_id"]="439512";
tc_vars["list_products"][3]["list_product_breadcrumb_label"]="Produits Festifs";
tc_vars["list_products"][3]["list_product_rating"]="";
tc_vars["list_products"][3]["list_product_instock"]="Y";
tc_vars["list_products"][3]["list_product_totalprice_tf"]="3.99€"
tc_vars["list_products"][3]["list_product_trademark"]="AOSTE"

tc_vars["list_products"][4] = new Array();
tc_vars["list_products"][4]["list_product_id"]="462242";
tc_vars["list_products"][4]["list_product_id_cug"]="86125";
tc_vars["list_products"][4]["list_product_id_upsell1"]="";
tc_vars["list_products"][4]["list_product_id_upsell2"]="";
tc_vars["list_products"][4]["list_product_id_upsell3"]="";
tc_vars["list_products"][4]["list_product_id_crossell1"]="";
tc_vars["list_products"][4]["list_product_id_crossell2"]="";
tc_vars["list_products"][4]["list_product_id_crossell3"]="";
tc_vars["list_products"][4]["list_product_name"]="Noix de jambon";
tc_vars["list_products"][4]["list_product_unitprice_ati"]="4.45€";
tc_vars["list_products"][4]["list_product_discount_ati"]="0.00€";
tc_vars["list_products"][4]["list_product_unitprice_tf"]="4.45€";
tc_vars["list_products"][4]["list_product_currency"]="EUR";
tc_vars["list_products"][4]["list_product_trademark"]="AOSTE";
tc_vars["list_products"][4]["list_product_url_page"]="http://www.refonte.auchandirect.fr/detailproduit/439512/86125";
tc_vars["list_products"][4]["list_product_url_picture"]="http://www.refonte.auchandirect.fr/static/images/products/detail/86125.jpg";
tc_vars["list_products"][4]["list_product_isbundle"]="N";
tc_vars["list_products"][4]["list_product_breadcrumb_id"]="439512";
tc_vars["list_products"][4]["list_product_breadcrumb_label"]="Produits Festifs";
tc_vars["list_products"][4]["list_product_rating"]="";
tc_vars["list_products"][4]["list_product_instock"]="Y";
tc_vars["list_products"][4]["list_product_totalprice_tf"]="4.45€"
tc_vars["list_products"][4]["list_product_trademark"]="AOSTE"

/* Partie Recherche */
tc_vars["search_keywords"]="";
tc_vars["search_page_number"]="";
tc_vars["search_results_number"]="";
tc_vars["search_filters"]="";
</script><script src="http://www.refonte.auchandirect.fr/static/scripts/tc_AuchanDirect_1.js" type="text/javascript"></script><NOSCRIPT><IFRAME height="1" width="1" src="http://redirect234.tagcommander.com/utils/noscript.php?id=1&amp;mode=iframe"></IFRAME></NOSCRIPT></div><div class="float-container" id="content"><div class="top-content float-container"><div class="main-content"><!-- zone edit - Bannière haute --><div class="zone-admin diff-zone"></div><!-- DEBUT DE LA BARRE TITRE --><!-- div id="wrap-liste-produits-nav" class="">
						<div id="liste-produits-nav" class="clear-container float-container">
					
							
							
							<div id="liste-produits-tri" class="float-container">
							
							<div class="titre-produits">
								<h2>
									<span class="titre-principal">
										<t:outputraw value="categoryTitle" />
									</span>
									<span class="titre-secondaire"> ${nbProductsMsg}</span>
								</h2>
							</div>
							
							<t:zone t:id="headerListZone" t:update="show">
							<form t:type="form" t:id="sortForm" t:zone="productListZone" t:autofocus="false">
							<p class="liste-produits-choix-affichage" t:type="zone" t:update="show" id="productDisplayTypeZone">
									<p class="liste-produits-choix-affichage">
										<select t:type="select" t:id="sort" class="form-select" t:blankOption="NEVER" onChange="document.getElementById('sortBySubmit').click();" />
										<input type="submit" id="sortBySubmit" style="display:none;" />
										
										<a t:type="actionlink" t:id="list" t:zone="productListZone" class="bt-liste ${pdtDisplayListStyle}">${message:category.display.type.list}</a>
										<a t:type="actionlink" t:id="thumbnail" t:zone="productListZone" class="bt-grille ${pdtDisplayGridStyle}">${message:category.display.type.thumbnail}</a>
									</p>
								</p>
								</form>
								
								</t:zone>
								
								
							</div>
							
							<ul t:type="zone" id="labelZone" t:update="show" class="liste-produits-menu menu menu-horizontal clear-container">
								<t:delegate to="labelBlock" / --><!-- liste des capsules de tri (marques) --><!-- t:block t:id="labelBlock">
									
									<li class="item">
									<t:if test="isAllSubCatActive">
											<a class="active">${message:category.sub.all}</a>
										<p:else>
											<a t:type="actionlink" t:zone="labelZone" t:id="showAll">${message:category.sub.all}</a>
										</p:else>
									</t:if>
									</li>	
										
									<t:if test="specificCategory">
										<t:loop source="categoriesAll" value="cat">
											<li class="item">
												<t:if test="isCatDisable">
													<a class="non_active">${cat.label}</a>
												<p:else>
													<t:if test="isCatActive">
														<a class="active">${cat.label}</a>
													<p:else>
														<a t:type="actionlink" t:zone="labelZone" t:id="viewCat" t:context="cat.shelfId">${cat.label}</a>
													</p:else>
													</t:if>
												</p:else>
												</t:if>
											</li>
										</t:loop>
									</t:if>	
										
									<t:unless test="specificCategory">
										<t:loop source="subCategories" value="subCat">
											<li class="item">
												<t:if test="isSubCatDisable">
													<a class="non_active">${subCat.label}</a>
												<p:else>
													<t:if test="isSubCatActive">
														<a class="active">${subCat.label}</a>
													<p:else>
														<a t:type="actionlink" t:zone="labelZone" t:id="viewSubCat" t:context="subCat.shelfId">${subCat.label}</a>
													</p:else>
													</t:if>
												</p:else>
												</t:if>
											</li>
										</t:loop>
										
										<t:if test="hasBioFilter">
											<li class="bio">
												<a t:type="actionlink" t:zone="labelZone" t:id="bioLabel">${message:category.label.bio}</a>
											</li>
										</t:if>
										
									</t:unless>
									
								<t:if test="showPromo">
									<t:if test="isPromoCatActive">
										<li class="item caseprom">
											<a class="menu-top-promos activo" title="promos">${message:specificcategory.promotions}</a>
										</li>
									<p:else>
										<li class="item">
											<a class="menu-top-promos" title="promos" t:type="actionlink" t:zone="productListZone" t:id="filterPromos">${message:specificcategory.promotions}</a>
										</li>
									</p:else>
									</t:if>
									<p:else>
										<t:if test="isNotPromoPage">
											<li class="item">
												<a class="non_active" title="promos">${message:specificcategory.promotions}</a>
											</li>
										</t:if>
									</p:else>
								</t:if>
								
								<t:if test="showNews">
									<t:if test="isNewsCatActive">
										<li class="item">
											<a class="menu-top-nouveautes activon" title="nouveautes">${message:specificcategory.news}</a>
										</li>
									<p:else>
										<li class="item">
											<a class="menu-top-nouveautes" title="nouveautes" t:type="actionlink" t:zone="productListZone" t:id="filterNews">${message:specificcategory.news}</a>
										</li>
									</p:else>
									</t:if>
									<p:else>
										<t:if test="isNotNewsPage">
											<li class="item">
												<a class="non_active" title="nouveautes">${message:specificcategory.news}</a>
											</li>
										</t:if>
									</p:else>
								</t:if>
								
								<t:if test="showPdtAuchan">
									<t:if test="isAuchanCatActive">
										<li class="item">
											<a class="menu-top-produits-auchan activen" title="produits Auchan">${message:specificcategory.retailer_brand}</a>
										</li>
										<p:else>
											<li class="item">
												<a class="menu-top-produits-auchan" title="produits Auchan" t:type="actionlink" t:zone="productListZone" t:id="filterAuchan">${message:specificcategory.retailer_brand}</a>
											</li>
										</p:else>
									</t:if>
									<p:else>
										<t:if test="isNotAuchanPage">
											<li class="item">
												<a class="non_active" title="produits Auchan">${message:specificcategory.retailer_brand}</a>
											</li>
										</t:if>
									</p:else>
								</t:if>
								</t:block>
						</ul>
						</div>
						
						<div class="clear"></div>
						
						<t:zone t:id="moreProductListZone" t:update="show">
						<t:if test="!specificCategory">
								<t:if test="brands">
										<t:if test="isBrandFilterExpanded">
											<p class="link_hide_marque" style="display: block;">
											<a t:type="actionlink" t:zone="labelZone" t:id="hideAllBrands" title="${message:category.brands.hide.title}">${maskAllBrandsLink}</a>
											<img src="/static/images/down_arrow.png" />
											</p>
											
												<ul id="" class="liste-produits-menu menu menu-horizontal clear-container marques_liste" style="display: block;">
													<t:loop source="brands" value="brand">
														<li class="item">
															<t:if test="isBrandDisable">
																<a class="non_active">${brand}</a>
															<p:else>
																<t:if test="isBrandActive">
																	<a class="active">${brand}</a>
																<p:else>
																	<a t:type="actionlink" t:zone="labelZone" t:id="viewBrand" t:context="brand">${brand}</a>
																</p:else>
																</t:if>
															</p:else>
															</t:if>
														</li>
													</t:loop>
												</ul>
											
										<p:else>
											<p class="link_show_marque" style="display: block;">
											<a t:type="actionlink" t:zone="labelZone" t:id="viewAllBrands" title="${viewAllBrandsTitle}">${viewAllBrandsLink}</a>
											<img src="/static/images/down_arrow.png" />
											</p>
										</p:else>
										</t:if>
								</t:if>
							</t:if>
						</t:zone>
						
						</div --><!-- FIN DE LA BARRE TITRE --><div><!-- ***************** DEBUT DU BLOC TITRE ***************** --><div class="" id="wrap-liste-produits-nav"><div class="clear-container float-container" id="liste-produits-nav"><div class="float-container" id="liste-produits-tri"><div class="titre-produits"><h1><span class="titre-principal">Nouveautés</span><span class="titre-secondaire"> - 133 produits</span></h1></div><div class="t-zone" id="headerListZone"><form onsubmit="javascript:Tapestry.waitForPage(event);" action="http://www.refonte.auchandirect.fr/rayon.productgridorlist.sortform" method="post" id="sortForm" name="sortForm"><div class="t-invisible"><input value="nouveautes" name="t:ac" type="hidden"></input><input value="H4sIAAAAAAAAAJXOMZJBQRCA4aaIZKpkWxuRjoTERhKR2lJeOUC/eeMZNaanuvvtchknUC4hkLnDHmBTkQA3IP2T/zv8Q/P3Ez7muKM4SkxFZbVkXxAHL2qEWIVhSFwaTGhXzigmJ8q7obHELvjc5CjOjPNHRKsT70LRzZxWqbc4tf4651sdalNoWYrKFL5x4xTa0zX+YD9gLPuZso/l1zYpNJ6/Fzzjdz0zJutEsirfeBFP8XQsBsvr/lIH2KY7aUKP/AYBAAA=" name="t:formdata" type="hidden"></input></div><p class="liste-produits-choix-affichage t-zone" id="productDisplayTypeZone"><p class="liste-produits-choix-affichage"><select onChange="document.getElementById('sortBySubmit').click();" class="form-select" id="sort" name="sort"><option selected="selected" value="MARQUE_ASC">Trier par marque A-Z</option><option value="MARQUE_DESC">Trier par marque Z-A</option><option value="PRICE_ASC">Trier du moins cher au plus cher</option><option value="PRICE_DESC">Trier du plus cher au moins cher</option><option value="PRICEQTE_ASC">Trier par prix/quantité croissant</option><option value="PRICEQTE_DESC">Trier par prix/quantité décroissant</option></select><img id="sort-icon" class="t-error-icon t-invisible" alt="" src="http://www.refonte.auchandirect.fr/assets/tapestry/5.1.0.5/spacer.gif"/><input style="display: none;" id="sortBySubmit" type="submit"></input><a id="list" onclick="javascript:Tapestry.waitForPage(event);" class="bt-liste " href="../../rayon.productgridorlist.list%3Ft:ac=nouveautes.html">en liste</a><a id="thumbnail" onclick="javascript:Tapestry.waitForPage(event);" class="bt-grille active" href="../../rayon.productgridorlist.thumbnail%3Ft:ac=nouveautes.html">en grille</a></p></p></form></div></div><ul class="liste-produits-menu menu menu-horizontal clear-container t-zone" id="labelZone"><li class="item"><a class="active">TOUS</a></li><li class="item"><a id="viewCat" onclick="javascript:Tapestry.waitForPage(event);" href="http://www.refonte.auchandirect.fr/rayon.productgridorlist.viewcat/404?t:ac=nouveautes">Marché</a></li><li class="item"><a id="viewCat_0" onclick="javascript:Tapestry.waitForPage(event);" href="http://www.refonte.auchandirect.fr/rayon.productgridorlist.viewcat/408?t:ac=nouveautes">Produits laitiers, Œufs</a></li><li class="item"><a id="viewCat_1" onclick="javascript:Tapestry.waitForPage(event);" href="http://www.refonte.auchandirect.fr/rayon.productgridorlist.viewcat/407?t:ac=nouveautes">Charcuterie Traiteur</a></li><li class="item"><a id="viewCat_2" onclick="javascript:Tapestry.waitForPage(event);" href="http://www.refonte.auchandirect.fr/rayon.productgridorlist.viewcat/406?t:ac=nouveautes">Surgelés</a></li><li class="item"><a id="viewCat_3" onclick="javascript:Tapestry.waitForPage(event);" href="http://www.refonte.auchandirect.fr/rayon.productgridorlist.viewcat/413?t:ac=nouveautes">Epicerie Salée</a></li><li class="item"><a id="viewCat_4" onclick="javascript:Tapestry.waitForPage(event);" href="http://www.refonte.auchandirect.fr/rayon.productgridorlist.viewcat/409?t:ac=nouveautes">Petit-Déjeuner Epicerie Sucrée</a></li><li class="item"><a id="viewCat_5" onclick="javascript:Tapestry.waitForPage(event);" href="http://www.refonte.auchandirect.fr/rayon.productgridorlist.viewcat/411?t:ac=nouveautes">Boissons</a></li><li class="item"><a id="viewCat_6" onclick="javascript:Tapestry.waitForPage(event);" href="http://www.refonte.auchandirect.fr/rayon.productgridorlist.viewcat/410?t:ac=nouveautes">Bébé</a></li><li class="item"><a id="viewCat_7" onclick="javascript:Tapestry.waitForPage(event);" href="http://www.refonte.auchandirect.fr/rayon.productgridorlist.viewcat/405?t:ac=nouveautes">Bio Ecolo</a></li><li class="item"><a id="viewCat_8" onclick="javascript:Tapestry.waitForPage(event);" href="http://www.refonte.auchandirect.fr/rayon.productgridorlist.viewcat/412?t:ac=nouveautes">Hygiène Beauté</a></li><li class="item"><a id="viewCat_9" onclick="javascript:Tapestry.waitForPage(event);" href="http://www.refonte.auchandirect.fr/rayon.productgridorlist.viewcat/414?t:ac=nouveautes">Entretien</a></li><li class="item"><a id="viewCat_10" onclick="javascript:Tapestry.waitForPage(event);" href="http://www.refonte.auchandirect.fr/rayon.productgridorlist.viewcat/415?t:ac=nouveautes">Animaux Maison</a></li><li class="item"><a title="promos" class="non_active">Promotions</a></li><li class="item"><a id="filterAuchan" onclick="javascript:Tapestry.waitForPage(event);" title="produits Auchan" class="menu-top-produits-auchan" href="../../rayon.productgridorlist.filterauchan%3Ft:ac=nouveautes.html">Produits Auchan</a></li><!-- liste des capsules de tri (marques) --></ul></div><div class="clear"></div><div class="t-zone" id="moreProductListZone"></div></div><!-- ***************** FIN DU BLOC TITRE ***************** --><div class="t-zone" id="productListZone"><div class="liste clear-container" id="liste-produits-grille"><div class="pro-ecolo"><h1>Marché</h1></div><table><tr><td><div class="bloc-produit nouveaute bientot-dispo"><div class="bloc-produit-content"><a title="Voir le produit" href="../../march%25C3%25A9/fruits/cl%25C3%25A9mentine/id1/461/93038.html"><img src="http://www.refonte.auchandirect.fr/static/images/products/line/93038.jpg" alt="" class="produit "/></a><div class="picto"><span class="invisible"></span></div><img alt="nouveauté" src="http://www.refonte.auchandirect.fr/static/images/ruban-nouveaute_small.png" class="ruban"/><div class="boutons-produit"><a class="bt-produit-ajout-panier disable" title="Bientôt disponible" href="javascript:void(0)">Bientôt disponible</a><a id="addProductToShoppingList" onclick="javascript:Tapestry.waitForPage(event);" title="Ajouter à ma liste" class="bt-produit-ajout-liste" href="http://www.refonte.auchandirect.fr/rayon.productgridorlist.productlist.thumbnailproduct.addproducttoshoppinglist/93038?t:ac=nouveautes">Ajouter à ma liste</a></div><div class="infos-produit-1"><div class="prix-actuel"><span>3.49€</span></div></div><div class="infos-produit-2"><a title="Voir le produit" href="../../march%25C3%25A9/fruits/cl%25C3%25A9mentine/id1/461/93038.html"><h3>CLEMENTINE</h3><h4>Clémentine</h4><h4>Origine Espagne</h4><p>
1.5 kg
<br/>
2.33€/kg
</p></a></div><div class="mini_picto_bas"><img alt="frais" src="http://www.refonte.auchandirect.fr/static/images/frais_small.jpg"/></div></div></div></td><td><div class="bloc-produit nouveaute"><div class="bloc-produit-content"><a title="Voir le produit" href="../../march%25C3%25A9/fruits/gingembre-bio/id1/461/95378.html"><img src="http://www.refonte.auchandirect.fr/static/images/products/line/95378.jpg" alt="" class="produit "/></a><div class="picto"><span class="invisible"></span></div><img alt="nouveauté" src="http://www.refonte.auchandirect.fr/static/images/ruban-nouveaute_small.png" class="ruban"/><div class="boutons-produit"><a id="addProductToBasket" onclick="javascript:Tapestry.waitForPage(event);" title="Ajouter au panier" class="bt-produit-ajout-panier" href="http://www.refonte.auchandirect.fr/rayon.productgridorlist.productlist.thumbnailproduct.addproducttobasket/95378?t:ac=nouveautes">Ajouter au panier</a><a id="addProductToShoppingList_0" onclick="javascript:Tapestry.waitForPage(event);" title="Ajouter à ma liste" class="bt-produit-ajout-liste" href="http://www.refonte.auchandirect.fr/rayon.productgridorlist.productlist.thumbnailproduct.addproducttoshoppinglist/95378?t:ac=nouveautes">Ajouter à ma liste</a></div><div class="infos-produit-1"><div class="prix-actuel"><span>0.99€</span></div></div><div class="infos-produit-2"><a title="Voir le produit" href="../../march%25C3%25A9/fruits/gingembre-bio/id1/461/95378.html"><h3>GINGEMBRE</h3><h4>Gingembre bio</h4><h4>Origine Pérou</h4><p>
150 g
<br/>
6.60€/kg
</p></a></div><div class="mini_picto_bas"><img alt="frais" src="http://www.refonte.auchandirect.fr/static/images/frais_small.jpg"/><img src="http://www.refonte.auchandirect.fr/static/images/AB_small.jpg"/></div></div></div></td><td><div class="bloc-produit nouveaute bientot-dispo"><div class="bloc-produit-content"><a title="Voir le produit" href="../../march%25C3%25A9/fruits/litchi-barquette/id1/461/109588.html"><img src="http://www.refonte.auchandirect.fr/static/images/products/line/109588.jpg" alt="" class="produit "/></a><div class="picto"><span class="invisible"></span></div><img alt="nouveauté" src="http://www.refonte.auchandirect.fr/static/images/ruban-nouveaute_small.png" class="ruban"/><div class="boutons-produit"><a class="bt-produit-ajout-panier disable" title="Bientôt disponible" href="javascript:void(0)">Bientôt disponible</a><a id="addProductToShoppingList_1" onclick="javascript:Tapestry.waitForPage(event);" title="Ajouter à ma liste" class="bt-produit-ajout-liste" href="http://www.refonte.auchandirect.fr/rayon.productgridorlist.productlist.thumbnailproduct.addproducttoshoppinglist/109588?t:ac=nouveautes">Ajouter à ma liste</a></div><div class="infos-produit-1"><div class="prix-actuel"><span>3.29€</span></div></div><div class="infos-produit-2"><a title="Voir le produit" href="../../march%25C3%25A9/fruits/litchi-barquette/id1/461/109588.html"><h3>LITCHI</h3><h4>Litchi barquette</h4><h4>Origine Madagascar</h4><p>
250g
<br/>
13.16€/kg
</p></a></div><div class="mini_picto_bas"><img alt="frais" src="http://www.refonte.auchandirect.fr/static/images/frais_small.jpg"/></div></div></div></td></tr><tr><td><div class="bloc-produit nouveaute bientot-dispo"><div class="bloc-produit-content"><a title="Voir le produit" href="../../march%25C3%25A9/fruits/marrons-filet/id1/461/57699.html"><img src="http://www.refonte.auchandirect.fr/static/images/products/line/57699.jpg" alt="" class="produit "/></a><div class="picto"><span class="invisible"></span></div><img alt="nouveauté" src="http://www.refonte.auchandirect.fr/static/images/ruban-nouveaute_small.png" class="ruban"/><div class="boutons-produit"><a class="bt-produit-ajout-panier disable" title="Bientôt disponible" href="javascript:void(0)">Bientôt disponible</a><a id="addProductToShoppingList_2" onclick="javascript:Tapestry.waitForPage(event);" title="Ajouter à ma liste" class="bt-produit-ajout-liste" href="http://www.refonte.auchandirect.fr/rayon.productgridorlist.productlist.thumbnailproduct.addproducttoshoppinglist/57699?t:ac=nouveautes">Ajouter à ma liste</a></div><div class="infos-produit-1"><div class="prix-actuel"><span>4.50€</span></div></div><div class="infos-produit-2"><a title="Voir le produit" href="../../march%25C3%25A9/fruits/marrons-filet/id1/461/57699.html"><h3>MARRON</h3><h4>Marrons filet</h4><h4>Origine France</h4><p>

<br/>
4.50€/kg
</p></a></div><div class="mini_picto_bas"><img alt="frais" src="http://www.refonte.auchandirect.fr/static/images/frais_small.jpg"/></div></div></div></td><td><div class="bloc-produit nouveaute bientot-dispo"><div class="bloc-produit-content"><a title="Voir le produit" href="../../march%25C3%25A9/l%25C3%25A9gumes/pomme-de-terre-bio/id1/463/109619.html"><img src="http://www.refonte.auchandirect.fr/static/images/products/line/109619.jpg" alt="" class="produit "/></a><div class="picto"><span class="invisible"></span></div><img alt="nouveauté" src="http://www.refonte.auchandirect.fr/static/images/ruban-nouveaute_small.png" class="ruban"/><div class="boutons-produit"><a class="bt-produit-ajout-panier disable" title="Bientôt disponible" href="javascript:void(0)">Bientôt disponible</a><a id="addProductToShoppingList_3" onclick="javascript:Tapestry.waitForPage(event);" title="Ajouter à ma liste" class="bt-produit-ajout-liste" href="http://www.refonte.auchandirect.fr/rayon.productgridorlist.productlist.thumbnailproduct.addproducttoshoppinglist/109619?t:ac=nouveautes">Ajouter à ma liste</a></div><div class="infos-produit-1"><div class="prix-actuel"><span>1.99€</span></div></div><div class="infos-produit-2"><a title="Voir le produit" href="../../march%25C3%25A9/l%25C3%25A9gumes/pomme-de-terre-bio/id1/463/109619.html"><h3>POMME DE TERRE</h3><h4>Pomme de terre Bio</h4><h4>Origine France</h4><p>
1 kg
<br/>
1.99€/kg
</p></a></div><div class="mini_picto_bas"><img alt="frais" src="http://www.refonte.auchandirect.fr/static/images/frais_small.jpg"/><img src="http://www.refonte.auchandirect.fr/static/images/AB_small.jpg"/></div></div></div></td><td></td></tr></table><div class="pro-ecolo"><h1>Produits laitiers, Œufs</h1></div><table><tr><td><div class="bloc-produit nouveaute"><div class="bloc-produit-content"><a title="Voir le produit" href="../../produits-laitiers,-%25C5%2593ufs/yaourts,-desserts/yaourts-aux-frutis-panach%25C3%25A9s/id1/464/79482.html"><img src="http://www.refonte.auchandirect.fr/static/images/products/line/79482.jpg" alt="" class="produit "/></a><div class="picto"><span class="invisible"></span></div><img alt="nouveauté" src="http://www.refonte.auchandirect.fr/static/images/ruban-nouveaute_small.png" class="ruban"/><div class="boutons-produit"><a id="addProductToBasket_0" onclick="javascript:Tapestry.waitForPage(event);" title="Ajouter au panier" class="bt-produit-ajout-panier" href="http://www.refonte.auchandirect.fr/rayon.productgridorlist.productlist.thumbnailproduct.addproducttobasket/79482?t:ac=nouveautes">Ajouter au panier</a><a id="addProductToShoppingList_4" onclick="javascript:Tapestry.waitForPage(event);" title="Ajouter à ma liste" class="bt-produit-ajout-liste" href="http://www.refonte.auchandirect.fr/rayon.productgridorlist.productlist.thumbnailproduct.addproducttoshoppinglist/79482?t:ac=nouveautes">Ajouter à ma liste</a></div><div class="infos-produit-1"><div class="prix-actuel"><span>5.19€</span></div></div><div class="infos-produit-2"><a title="Voir le produit" href="../../produits-laitiers,-%25C5%2593ufs/yaourts,-desserts/yaourts-aux-frutis-panach%25C3%25A9s/id1/464/79482.html"><h3>ACTIVIA</h3><h4>Yaourts aux frutis panachés</h4><h4></h4><p>
16 x 125g
<br/>
2.60€/kg
</p></a></div><div class="mini_picto_bas"><img alt="frais" src="http://www.refonte.auchandirect.fr/static/images/frais_small.jpg"/></div></div></div></td><td><div class="bloc-produit nouveaute bientot-dispo"><div class="bloc-produit-content"><a title="Voir le produit" href="../../produits-laitiers,-%25C5%2593ufs/fromages/raclette/id1/466/90256.html"><img src="http://www.refonte.auchandirect.fr/static/images/products/line/90256.jpg" alt="" class="produit "/></a><div class="picto"><span class="invisible"></span></div><img alt="nouveauté" src="http://www.refonte.auchandirect.fr/static/images/ruban-nouveaute_small.png" class="ruban"/><div class="boutons-produit"><a class="bt-produit-ajout-panier disable" title="Bientôt disponible" href="javascript:void(0)">Bientôt disponible</a><a id="addProductToShoppingList_5" onclick="javascript:Tapestry.waitForPage(event);" title="Ajouter à ma liste" class="bt-produit-ajout-liste" href="http://www.refonte.auchandirect.fr/rayon.productgridorlist.productlist.thumbnailproduct.addproducttoshoppinglist/90256?t:ac=nouveautes">Ajouter à ma liste</a></div><div class="infos-produit-1"><div class="prix-actuel"><span>5.54€</span></div></div><div class="infos-produit-2"><a title="Voir le produit" href="../../produits-laitiers,-%25C5%2593ufs/fromages/raclette/id1/466/90256.html"><h3>AUCHAN BIO</h3><h4>raclette</h4><h4></h4><p>
400 g
<br/>
13.85€/kg
</p></a></div><div class="mini_picto_bas"><img alt="frais" src="http://www.refonte.auchandirect.fr/static/images/frais_small.jpg"/><img src="http://www.refonte.auchandirect.fr/static/images/DLC-garantie-6j_small.jpg"/><img src="http://www.refonte.auchandirect.fr/static/images/AB_small.jpg"/></div></div></div></td><td><div class="bloc-produit nouveaute"><div class="bloc-produit-content"><a title="Voir le produit" href="../../produits-laitiers,-%25C5%2593ufs/yaourts,-desserts/yaourts-nature/id1/464/96344.html"><img src="http://www.refonte.auchandirect.fr/static/images/products/line/96344.jpg" alt="" class="produit "/></a><div class="picto"><span class="invisible"></span></div><img alt="nouveauté" src="http://www.refonte.auchandirect.fr/static/images/ruban-nouveaute_small.png" class="ruban"/><div class="boutons-produit"><a id="addProductToBasket_1" onclick="javascript:Tapestry.waitForPage(event);" title="Ajouter au panier" class="bt-produit-ajout-panier" href="http://www.refonte.auchandirect.fr/rayon.productgridorlist.productlist.thumbnailproduct.addproducttobasket/96344?t:ac=nouveautes">Ajouter au panier</a><a id="addProductToShoppingList_6" onclick="javascript:Tapestry.waitForPage(event);" title="Ajouter à ma liste" class="bt-produit-ajout-liste" href="http://www.refonte.auchandirect.fr/rayon.productgridorlist.productlist.thumbnailproduct.addproducttoshoppinglist/96344?t:ac=nouveautes">Ajouter à ma liste</a></div><div class="infos-produit-1"><div class="prix-actuel"><span>2.92€</span></div></div><div class="infos-produit-2"><a title="Voir le produit" href="../../produits-laitiers,-%25C5%2593ufs/yaourts,-desserts/yaourts-nature/id1/464/96344.html"><h3>AUCHAN BIO</h3><h4>Yaourts nature</h4><h4>Issu de l'agriculture biologique</h4><p>
12 x 125 g
<br/>
1.95€/kg
</p></a></div><div class="mini_picto_bas"><img alt="frais" src="http://www.refonte.auchandirect.fr/static/images/frais_small.jpg"/><img src="http://www.refonte.auchandirect.fr/static/images/DLC-garantie-7j_small.jpg"/><img src="http://www.refonte.auchandirect.fr/static/images/AB_small.jpg"/></div></div></div></td></tr><tr><td><div class="bloc-produit nouveaute bientot-dispo"><div class="bloc-produit-content"><a title="Voir le produit" href="../../produits-laitiers,-%25C5%2593ufs/cr%25C3%25A9merie,-oeufs/lait-demi-%25C3%25A9cr%25C3%25A9m%25C3%25A9/id1/459/78831.html"><img src="http://www.refonte.auchandirect.fr/static/images/products/line/78831.jpg" alt="" class="produit "/></a><div class="picto"><span class="invisible"></span></div><img alt="nouveauté" src="http://www.refonte.auchandirect.fr/static/images/ruban-nouveaute_small.png" class="ruban"/><div class="boutons-produit"><a class="bt-produit-ajout-panier disable" title="Bientôt disponible" href="javascript:void(0)">Bientôt disponible</a><a id="addProductToShoppingList_7" onclick="javascript:Tapestry.waitForPage(event);" title="Ajouter à ma liste" class="bt-produit-ajout-liste" href="http://www.refonte.auchandirect.fr/rayon.productgridorlist.productlist.thumbnailproduct.addproducttoshoppinglist/78831?t:ac=nouveautes">Ajouter à ma liste</a></div><div class="infos-produit-1"><div class="prix-actuel"><span>3.95€</span></div></div><div class="infos-produit-2"><a title="Voir le produit" href="../../produits-laitiers,-%25C5%2593ufs/cr%25C3%25A9merie,-oeufs/lait-demi-%25C3%25A9cr%25C3%25A9m%25C3%25A9/id1/459/78831.html"><h3>CANDIA</h3><h4>Lait demi écrémé</h4><h4></h4><p>
6 x 25 cl
<br/>
2.63€/l
</p></a></div><div class="mini_picto_bas"><img src="http://www.refonte.auchandirect.fr/static/images/DLC-garantie-30j_small.jpg"/></div></div></div></td><td><div class="bloc-produit nouveaute bientot-dispo"><div class="bloc-produit-content"><a title="Voir le produit" href="../../produits-laitiers,-%25C5%2593ufs/cr%25C3%25A9merie,-oeufs/lait-demi-%25C3%25A9cr%25C3%25A9m%25C3%25A9-uht/id1/459/72035.html"><img src="http://www.refonte.auchandirect.fr/static/images/products/line/72035.jpg" alt="" class="produit "/></a><div class="picto"><span class="invisible"></span></div><img alt="nouveauté" src="http://www.refonte.auchandirect.fr/static/images/ruban-nouveaute_small.png" class="ruban"/><div class="boutons-produit"><a class="bt-produit-ajout-panier disable" title="Bientôt disponible" href="javascript:void(0)">Bientôt disponible</a><a id="addProductToShoppingList_8" onclick="javascript:Tapestry.waitForPage(event);" title="Ajouter à ma liste" class="bt-produit-ajout-liste" href="http://www.refonte.auchandirect.fr/rayon.productgridorlist.productlist.thumbnailproduct.addproducttoshoppinglist/72035?t:ac=nouveautes">Ajouter à ma liste</a></div><div class="infos-produit-1"><div class="prix-actuel"><span>4.59€</span></div></div><div class="infos-produit-2"><a title="Voir le produit" href="../../produits-laitiers,-%25C5%2593ufs/cr%25C3%25A9merie,-oeufs/lait-demi-%25C3%25A9cr%25C3%25A9m%25C3%25A9-uht/id1/459/72035.html"><h3>CANDIA</h3><h4>Lait demi écrémé UHT</h4><h4></h4><p>
6 x 50 cl
<br/>
1.53€/l
</p></a></div><div class="mini_picto_bas"><img src="http://www.refonte.auchandirect.fr/static/images/DLC-garantie-30j_small.jpg"/></div></div></div></td><td><div class="bloc-produit nouveaute"><div class="bloc-produit-content"><a title="Voir le produit" href="../../produits-laitiers,-%25C5%2593ufs/yaourts,-desserts/mousse-li%25C3%25A9geoise/id1/464/80145.html"><img src="http://www.refonte.auchandirect.fr/static/images/products/line/80145.jpg" alt="" class="produit "/></a><div class="picto"><span class="invisible"></span></div><img alt="nouveauté" src="http://www.refonte.auchandirect.fr/static/images/ruban-nouveaute_small.png" class="ruban"/><div class="boutons-produit"><a id="addProductToBasket_2" onclick="javascript:Tapestry.waitForPage(event);" title="Ajouter au panier" class="bt-produit-ajout-panier" href="http://www.refonte.auchandirect.fr/rayon.productgridorlist.productlist.thumbnailproduct.addproducttobasket/80145?t:ac=nouveautes">Ajouter au panier</a><a id="addProductToShoppingList_9" onclick="javascript:Tapestry.waitForPage(event);" title="Ajouter à ma liste" class="bt-produit-ajout-liste" href="http://www.refonte.auchandirect.fr/rayon.productgridorlist.productlist.thumbnailproduct.addproducttoshoppinglist/80145?t:ac=nouveautes">Ajouter à ma liste</a></div><div class="infos-produit-1"><div class="prix-actuel"><span>2.25€</span></div></div><div class="infos-produit-2"><a title="Voir le produit" href="../../produits-laitiers,-%25C5%2593ufs/yaourts,-desserts/mousse-li%25C3%25A9geoise/id1/464/80145.html"><h3>DANETTE</h3><h4>Mousse liégeoise</h4><h4>Café</h4><p>
8 x 80 g
<br/>
3.52€/kg
</p></a></div><div class="mini_picto_bas"><img alt="frais" src="http://www.refonte.auchandirect.fr/static/images/frais_small.jpg"/></div></div></div></td></tr><tr><td><div class="bloc-produit nouveaute"><div class="bloc-produit-content"><a title="Voir le produit" href="../../produits-laitiers,-%25C5%2593ufs/fromages/fromage-%25C3%25A0-la-cr%25C3%25A8me/id1/466/3531.html"><img src="http://www.refonte.auchandirect.fr/static/images/products/line/3531.jpg" alt="" class="produit "/></a><div class="picto"><span class="invisible"></span></div><img alt="nouveauté" src="http://www.refonte.auchandirect.fr/static/images/ruban-nouveaute_small.png" class="ruban"/><div class="boutons-produit"><a id="addProductToBasket_3" onclick="javascript:Tapestry.waitForPage(event);" title="Ajouter au panier" class="bt-produit-ajout-panier" href="http://www.refonte.auchandirect.fr/rayon.productgridorlist.productlist.thumbnailproduct.addproducttobasket/3531?t:ac=nouveautes">Ajouter au panier</a><a id="addProductToShoppingList_10" onclick="javascript:Tapestry.waitForPage(event);" title="Ajouter à ma liste" class="bt-produit-ajout-liste" href="http://www.refonte.auchandirect.fr/rayon.productgridorlist.productlist.thumbnailproduct.addproducttoshoppinglist/3531?t:ac=nouveautes">Ajouter à ma liste</a></div><div class="infos-produit-1"><div class="prix-actuel"><span>1.86€</span></div></div><div class="infos-produit-2"><a title="Voir le produit" href="../../produits-laitiers,-%25C5%2593ufs/fromages/fromage-%25C3%25A0-la-cr%25C3%25A8me/id1/466/3531.html"><h3>ELLE ET VIRE</h3><h4>Fromage à la crème</h4><h4>Nature</h4><p>
150 g
<br/>
12.40€/kg
</p></a></div><div class="mini_picto_bas"><img alt="frais" src="http://www.refonte.auchandirect.fr/static/images/frais_small.jpg"/><img src="http://www.refonte.auchandirect.fr/static/images/DLC-garantie-6j_small.jpg"/></div></div></div></td><td><div class="bloc-produit nouveaute bientot-dispo"><div class="bloc-produit-content"><a title="Voir le produit" href="../../produits-laitiers,-%25C5%2593ufs/yaourts,-desserts/yaourt-aux-fruits-avec-paille/id1/464/99544.html"><img src="http://www.refonte.auchandirect.fr/static/images/products/line/99544.jpg" alt="" class="produit "/></a><div class="picto"><span class="invisible"></span></div><img alt="nouveauté" src="http://www.refonte.auchandirect.fr/static/images/ruban-nouveaute_small.png" class="ruban"/><div class="boutons-produit"><a class="bt-produit-ajout-panier disable" title="Bientôt disponible" href="javascript:void(0)">Bientôt disponible</a><a id="addProductToShoppingList_11" onclick="javascript:Tapestry.waitForPage(event);" title="Ajouter à ma liste" class="bt-produit-ajout-liste" href="http://www.refonte.auchandirect.fr/rayon.productgridorlist.productlist.thumbnailproduct.addproducttoshoppinglist/99544?t:ac=nouveautes">Ajouter à ma liste</a></div><div class="infos-produit-1"><div class="prix-actuel"><span>2.50€</span></div></div><div class="infos-produit-2"><a title="Voir le produit" href="../../produits-laitiers,-%25C5%2593ufs/yaourts,-desserts/yaourt-aux-fruits-avec-paille/id1/464/99544.html"><h3>GERVAIS</h3><h4>Yaourt aux fruits avec paille</h4><h4></h4><p>
6 x 100 g
<br/>
4.17€/kg
</p></a></div><div class="mini_picto_bas"><img alt="frais" src="http://www.refonte.auchandirect.fr/static/images/frais_small.jpg"/><img src="http://www.refonte.auchandirect.fr/static/images/DLC-garantie-7j_small.jpg"/></div></div></div></td><td><div class="bloc-produit nouveaute"><div class="bloc-produit-content"><a title="Voir le produit" href="../../produits-laitiers,-%25C5%2593ufs/fromages/coulommiers/id1/466/87649.html"><img src="http://www.refonte.auchandirect.fr/static/images/products/line/87649.jpg" alt="" class="produit "/></a><div class="picto"><span class="invisible"></span></div><img alt="nouveauté" src="http://www.refonte.auchandirect.fr/static/images/ruban-nouveaute_small.png" class="ruban"/><div class="boutons-produit"><a id="addProductToBasket_4" onclick="javascript:Tapestry.waitForPage(event);" title="Ajouter au panier" class="bt-produit-ajout-panier" href="http://www.refonte.auchandirect.fr/rayon.productgridorlist.productlist.thumbnailproduct.addproducttobasket/87649?t:ac=nouveautes">Ajouter au panier</a><a id="addProductToShoppingList_12" onclick="javascript:Tapestry.waitForPage(event);" title="Ajouter à ma liste" class="bt-produit-ajout-liste" href="http://www.refonte.auchandirect.fr/rayon.productgridorlist.productlist.thumbnailproduct.addproducttoshoppinglist/87649?t:ac=nouveautes">Ajouter à ma liste</a></div><div class="infos-produit-1"><div class="prix-actuel"><span>2.95€</span></div></div><div class="infos-produit-2"><a title="Voir le produit" href="../../produits-laitiers,-%25C5%2593ufs/fromages/coulommiers/id1/466/87649.html"><h3>LE RUSTIQUE</h3><h4>Coulommiers</h4><h4></h4><p>
350 g
<br/>
8.43€/kg
</p></a></div><div class="mini_picto_bas"><img alt="frais" src="http://www.refonte.auchandirect.fr/static/images/frais_small.jpg"/><img src="http://www.refonte.auchandirect.fr/static/images/DLC-garantie-6j_small.jpg"/></div></div></div></td></tr><tr><td><div class="bloc-produit nouveaute bientot-dispo"><div class="bloc-produit-content"><a title="Voir le produit" href="../../produits-laitiers,-%25C5%2593ufs/cr%25C3%25A9merie,-oeufs/beurre-demi-sel/id1/459/87526.html"><img src="http://www.refonte.auchandirect.fr/static/images/products/line/87526.jpg" alt="" class="produit "/></a><div class="picto"><span class="invisible"></span></div><img alt="nouveauté" src="http://www.refonte.auchandirect.fr/static/images/ruban-nouveaute_small.png" class="ruban"/><div class="boutons-produit"><a class="bt-produit-ajout-panier disable" title="Bientôt disponible" href="javascript:void(0)">Bientôt disponible</a><a id="addProductToShoppingList_13" onclick="javascript:Tapestry.waitForPage(event);" title="Ajouter à ma liste" class="bt-produit-ajout-liste" href="http://www.refonte.auchandirect.fr/rayon.productgridorlist.productlist.thumbnailproduct.addproducttoshoppinglist/87526?t:ac=nouveautes">Ajouter à ma liste</a></div><div class="infos-produit-1"><div class="prix-actuel"><span>2.22€</span></div></div><div class="infos-produit-2"><a title="Voir le produit" href="../../produits-laitiers,-%25C5%2593ufs/cr%25C3%25A9merie,-oeufs/beurre-demi-sel/id1/459/87526.html"><h3>PRESIDENT</h3><h4>Beurre demi-sel</h4><h4></h4><p>
250 g
</p></a></div><div class="mini_picto_bas"><img alt="frais" src="http://www.refonte.auchandirect.fr/static/images/frais_small.jpg"/><img src="http://www.refonte.auchandirect.fr/static/images/DLC-garantie-6j_small.jpg"/><img src="http://www.refonte.auchandirect.fr/static/images/AB_small.jpg"/></div></div></div></td><td><div class="bloc-produit nouveaute bientot-dispo"><div class="bloc-produit-content"><a title="Voir le produit" href="../../produits-laitiers,-%25C5%2593ufs/fromages/raclette-tranch%25C3%25A9e/id1/466/50835.html"><img src="http://www.refonte.auchandirect.fr/static/images/products/line/50835.jpg" alt="" class="produit "/></a><div class="picto"><span class="invisible"></span></div><img alt="nouveauté" src="http://www.refonte.auchandirect.fr/static/images/ruban-nouveaute_small.png" class="ruban"/><div class="boutons-produit"><a class="bt-produit-ajout-panier disable" title="Bientôt disponible" href="javascript:void(0)">Bientôt disponible</a><a id="addProductToShoppingList_14" onclick="javascript:Tapestry.waitForPage(event);" title="Ajouter à ma liste" class="bt-produit-ajout-liste" href="http://www.refonte.auchandirect.fr/rayon.productgridorlist.productlist.thumbnailproduct.addproducttoshoppinglist/50835?t:ac=nouveautes">Ajouter à ma liste</a></div><div class="infos-produit-1"><div class="prix-actuel"><span>8.95€</span></div></div><div class="infos-produit-2"><a title="Voir le produit" href="../../produits-laitiers,-%25C5%2593ufs/fromages/raclette-tranch%25C3%25A9e/id1/466/50835.html"><h3>RICHES MONTS</h3><h4>Raclette tranchée</h4><h4>Nature</h4><p>
850 g
<br/>
10.53€/kg
</p></a></div><div class="mini_picto_bas"><img alt="frais" src="http://www.refonte.auchandirect.fr/static/images/frais_small.jpg"/><img src="http://www.refonte.auchandirect.fr/static/images/DLC-garantie-6j_small.jpg"/></div></div></div></td><td><div class="bloc-produit nouveaute bientot-dispo"><div class="bloc-produit-content"><a title="Voir le produit" href="../../produits-laitiers,-%25C5%2593ufs/fromages/pr%25C3%25A9paration-pour-tartiflette/id1/466/88796.html"><img src="http://www.refonte.auchandirect.fr/static/images/products/line/88796.jpg" alt="" class="produit "/></a><div class="picto"><span class="invisible"></span></div><img alt="nouveauté" src="http://www.refonte.auchandirect.fr/static/images/ruban-nouveaute_small.png" class="ruban"/><div class="boutons-produit"><a class="bt-produit-ajout-panier disable" title="Bientôt disponible" href="javascript:void(0)">Bientôt disponible</a><a id="addProductToShoppingList_15" onclick="javascript:Tapestry.waitForPage(event);" title="Ajouter à ma liste" class="bt-produit-ajout-liste" href="http://www.refonte.auchandirect.fr/rayon.productgridorlist.productlist.thumbnailproduct.addproducttoshoppinglist/88796?t:ac=nouveautes">Ajouter à ma liste</a></div><div class="infos-produit-1"><div class="prix-actuel"><span>4.69€</span></div></div><div class="infos-produit-2"><a title="Voir le produit" href="../../produits-laitiers,-%25C5%2593ufs/fromages/pr%25C3%25A9paration-pour-tartiflette/id1/466/88796.html"><h3>RICHES MONTS</h3><h4>Préparation pour Tartiflette</h4><h4>Oignon</h4><p>
450 g
<br/>
10.42€/kg
</p></a></div><div class="mini_picto_bas"><img alt="frais" src="http://www.refonte.auchandirect.fr/static/images/frais_small.jpg"/><img src="http://www.refonte.auchandirect.fr/static/images/DLC-garantie-6j_small.jpg"/></div></div></div></td></tr><tr><td><div class="bloc-produit nouveaute"><div class="bloc-produit-content"><a title="Voir le produit" href="../../produits-laitiers,-%25C5%2593ufs/fromages/raclette-tranch%25C3%25A9e/id1/466/86139.html"><img src="http://www.refonte.auchandirect.fr/static/images/products/line/86139.jpg" alt="" class="produit "/></a><div class="picto"><span class="invisible"></span></div><img alt="nouveauté" src="http://www.refonte.auchandirect.fr/static/images/ruban-nouveaute_small.png" class="ruban"/><div class="boutons-produit"><a id="addProductToBasket_5" onclick="javascript:Tapestry.waitForPage(event);" title="Ajouter au panier" class="bt-produit-ajout-panier" href="http://www.refonte.auchandirect.fr/rayon.productgridorlist.productlist.thumbnailproduct.addproducttobasket/86139?t:ac=nouveautes">Ajouter au panier</a><a id="addProductToShoppingList_16" onclick="javascript:Tapestry.waitForPage(event);" title="Ajouter à ma liste" class="bt-produit-ajout-liste" href="http://www.refonte.auchandirect.fr/rayon.productgridorlist.productlist.thumbnailproduct.addproducttoshoppinglist/86139?t:ac=nouveautes">Ajouter à ma liste</a></div><div class="infos-produit-1"><div class="prix-actuel"><span>5.05€</span></div></div><div class="infos-produit-2"><a title="Voir le produit" href="../../produits-laitiers,-%25C5%2593ufs/fromages/raclette-tranch%25C3%25A9e/id1/466/86139.html"><h3>RICHES MONTS</h3><h4>Raclette tranchée</h4><h4>Nature et fumé</h4><p>
400 g
<br/>
12.63€/kg
</p></a></div><div class="mini_picto_bas"><img alt="frais" src="http://www.refonte.auchandirect.fr/static/images/frais_small.jpg"/><img src="http://www.refonte.auchandirect.fr/static/images/DLC-garantie-6j_small.jpg"/></div></div></div></td><td><div class="bloc-produit nouveaute"><div class="bloc-produit-content"><a title="Voir le produit" href="../../produits-laitiers,-%25C5%2593ufs/fromages/raclette-tranch%25C3%25A9e/id1/466/86284.html"><img src="http://www.refonte.auchandirect.fr/static/images/products/line/86284.jpg" alt="" class="produit "/></a><div class="picto"><span class="invisible"></span></div><img alt="nouveauté" src="http://www.refonte.auchandirect.fr/static/images/ruban-nouveaute_small.png" class="ruban"/><div class="boutons-produit"><a id="addProductToBasket_6" onclick="javascript:Tapestry.waitForPage(event);" title="Ajouter au panier" class="bt-produit-ajout-panier" href="http://www.refonte.auchandirect.fr/rayon.productgridorlist.productlist.thumbnailproduct.addproducttobasket/86284?t:ac=nouveautes">Ajouter au panier</a><a id="addProductToShoppingList_17" onclick="javascript:Tapestry.waitForPage(event);" title="Ajouter à ma liste" class="bt-produit-ajout-liste" href="http://www.refonte.auchandirect.fr/rayon.productgridorlist.productlist.thumbnailproduct.addproducttoshoppinglist/86284?t:ac=nouveautes">Ajouter à ma liste</a></div><div class="infos-produit-1"><div class="prix-actuel"><span>5.15€</span></div></div><div class="infos-produit-2"><a title="Voir le produit" href="../../produits-laitiers,-%25C5%2593ufs/fromages/raclette-tranch%25C3%25A9e/id1/466/86284.html"><h3>RICHES MONTS</h3><h4>Raclette tranchée</h4><h4>Au lait de montagne</h4><p>
400 g
<br/>
12.88€/kg
</p></a></div><div class="mini_picto_bas"><img alt="frais" src="http://www.refonte.auchandirect.fr/static/images/frais_small.jpg"/><img src="http://www.refonte.auchandirect.fr/static/images/DLC-garantie-6j_small.jpg"/></div></div></div></td><td><div class="bloc-produit nouveaute"><div class="bloc-produit-content"><a title="Voir le produit" href="../../produits-laitiers,-%25C5%2593ufs/fromages/raclette-tranch%25C3%25A9e/id1/466/105249.html"><img src="http://www.refonte.auchandirect.fr/static/images/products/line/105249.jpg" alt="" class="produit "/></a><div class="picto"><span class="invisible"></span></div><img alt="nouveauté" src="http://www.refonte.auchandirect.fr/static/images/ruban-nouveaute_small.png" class="ruban"/><div class="boutons-produit"><a id="addProductToBasket_7" onclick="javascript:Tapestry.waitForPage(event);" title="Ajouter au panier" class="bt-produit-ajout-panier" href="http://www.refonte.auchandirect.fr/rayon.productgridorlist.productlist.thumbnailproduct.addproducttobasket/105249?t:ac=nouveautes">Ajouter au panier</a><a id="addProductToShoppingList_18" onclick="javascript:Tapestry.waitForPage(event);" title="Ajouter à ma liste" class="bt-produit-ajout-liste" href="http://www.refonte.auchandirect.fr/rayon.productgridorlist.productlist.thumbnailproduct.addproducttoshoppinglist/105249?t:ac=nouveautes">Ajouter à ma liste</a></div><div class="infos-produit-1"><div class="prix-actuel"><span>5.25€</span></div></div><div class="infos-produit-2"><a title="Voir le produit" href="../../produits-laitiers,-%25C5%2593ufs/fromages/raclette-tranch%25C3%25A9e/id1/466/105249.html"><h3>RICHES MONTS</h3><h4>Raclette tranchée</h4><h4>Nature et au  lait de chèvre</h4><p>
400 g
<br/>
13.13€/kg
</p></a></div><div class="mini_picto_bas"><img alt="frais" src="http://www.refonte.auchandirect.fr/static/images/frais_small.jpg"/><img src="http://www.refonte.auchandirect.fr/static/images/DLC-garantie-6j_small.jpg"/></div></div></div></td></tr><tr><td></td><td></td><td></td></tr></table><div class="pro-ecolo"><h1>Charcuterie Traiteur</h1></div><table><tr><td><div class="bloc-produit nouveaute"><div class="bloc-produit-content"><a title="Voir le produit" href="../../charcuterie-traiteur/produits-festifs/saucisson/id1/439512/86494.html"><img src="http://www.refonte.auchandirect.fr/static/images/products/line/86494.jpg" alt="" class="produit "/></a><div class="picto"><span class="invisible"></span></div><img alt="nouveauté" src="http://www.refonte.auchandirect.fr/static/images/ruban-nouveaute_small.png" class="ruban"/><div class="boutons-produit"><a id="addProductToBasket_8" onclick="javascript:Tapestry.waitForPage(event);" title="Ajouter au panier" class="bt-produit-ajout-panier" href="http://www.refonte.auchandirect.fr/rayon.productgridorlist.productlist.thumbnailproduct.addproducttobasket/86494?t:ac=nouveautes">Ajouter au panier</a><a id="addProductToShoppingList_19" onclick="javascript:Tapestry.waitForPage(event);" title="Ajouter à ma liste" class="bt-produit-ajout-liste" href="http://www.refonte.auchandirect.fr/rayon.productgridorlist.productlist.thumbnailproduct.addproducttoshoppinglist/86494?t:ac=nouveautes">Ajouter à ma liste</a></div><div class="infos-produit-1"><div class="prix-actuel"><span>4.65€</span></div></div><div class="infos-produit-2"><a title="Voir le produit" href="../../charcuterie-traiteur/produits-festifs/saucisson/id1/439512/86494.html"><h3>AOSTE</h3><h4>Saucisson</h4><h4></h4><p>
250 g
<br/>
18.60€/kg
</p></a></div><div class="mini_picto_bas"><img alt="frais" src="http://www.refonte.auchandirect.fr/static/images/frais_small.jpg"/><img src="http://www.refonte.auchandirect.fr/static/images/DLC-garantie-6j_small.jpg"/></div></div></div></td><td><div class="bloc-produit nouveaute"><div class="bloc-produit-content"><a title="Voir le produit" href="../../charcuterie-traiteur/produits-festifs/saucisse-s%25C3%25A8che/id1/439512/86549.html"><img src="http://www.refonte.auchandirect.fr/static/images/products/line/86549.jpg" alt="" class="produit "/></a><div class="picto"><span class="invisible"></span></div><img alt="nouveauté" src="http://www.refonte.auchandirect.fr/static/images/ruban-nouveaute_small.png" class="ruban"/><div class="boutons-produit"><a id="addProductToBasket_9" onclick="javascript:Tapestry.waitForPage(event);" title="Ajouter au panier" class="bt-produit-ajout-panier" href="http://www.refonte.auchandirect.fr/rayon.productgridorlist.productlist.thumbnailproduct.addproducttobasket/86549?t:ac=nouveautes">Ajouter au panier</a><a id="addProductToShoppingList_20" onclick="javascript:Tapestry.waitForPage(event);" title="Ajouter à ma liste" class="bt-produit-ajout-liste" href="http://www.refonte.auchandirect.fr/rayon.productgridorlist.productlist.thumbnailproduct.addproducttoshoppinglist/86549?t:ac=nouveautes">Ajouter à ma liste</a></div><div class="infos-produit-1"><div class="prix-actuel"><span>3.99€</span></div></div><div class="infos-produit-2"><a title="Voir le produit" href="../../charcuterie-traiteur/produits-festifs/saucisse-s%25C3%25A8che/id1/439512/86549.html"><h3>AOSTE</h3><h4>Saucisse sèche</h4><h4></h4><p>
300 g
<br/>
13.30€/kg
</p></a></div><div class="mini_picto_bas"><img alt="frais" src="http://www.refonte.auchandirect.fr/static/images/frais_small.jpg"/><img src="http://www.refonte.auchandirect.fr/static/images/DLC-garantie-6j_small.jpg"/></div></div></div></td><td><div class="bloc-produit nouveaute"><div class="bloc-produit-content"><a title="Voir le produit" href="../../charcuterie-traiteur/produits-festifs/noix-de-jambon/id1/439512/86125.html"><img src="http://www.refonte.auchandirect.fr/static/images/products/line/86125.jpg" alt="" class="produit "/></a><div class="picto"><span class="invisible"></span></div><img alt="nouveauté" src="http://www.refonte.auchandirect.fr/static/images/ruban-nouveaute_small.png" class="ruban"/><div class="boutons-produit"><a id="addProductToBasket_10" onclick="javascript:Tapestry.waitForPage(event);" title="Ajouter au panier" class="bt-produit-ajout-panier" href="http://www.refonte.auchandirect.fr/rayon.productgridorlist.productlist.thumbnailproduct.addproducttobasket/86125?t:ac=nouveautes">Ajouter au panier</a><a id="addProductToShoppingList_21" onclick="javascript:Tapestry.waitForPage(event);" title="Ajouter à ma liste" class="bt-produit-ajout-liste" href="http://www.refonte.auchandirect.fr/rayon.productgridorlist.productlist.thumbnailproduct.addproducttoshoppinglist/86125?t:ac=nouveautes">Ajouter à ma liste</a></div><div class="infos-produit-1"><div class="prix-actuel"><span>4.45€</span></div></div><div class="infos-produit-2"><a title="Voir le produit" href="../../charcuterie-traiteur/produits-festifs/noix-de-jambon/id1/439512/86125.html"><h3>AOSTE</h3><h4>Noix de jambon</h4><h4></h4><p>
200 g
</p></a></div><div class="mini_picto_bas"><img alt="frais" src="http://www.refonte.auchandirect.fr/static/images/frais_small.jpg"/><img src="http://www.refonte.auchandirect.fr/static/images/DLC-garantie-6j_small.jpg"/></div></div></div></td></tr><tr><td><div class="bloc-produit nouveaute"><div class="bloc-produit-content"><a title="Voir le produit" href="../../charcuterie-traiteur/charcuterie/saucisses-cocktail/id1/468/92132.html"><img src="http://www.refonte.auchandirect.fr/static/images/products/line/92132.jpg" alt="" class="produit "/></a><div class="picto"><span class="invisible"></span></div><img alt="nouveauté" src="http://www.refonte.auchandirect.fr/static/images/ruban-nouveaute_small.png" class="ruban"/><div class="boutons-produit"><a id="addProductToBasket_11" onclick="javascript:Tapestry.waitForPage(event);" title="Ajouter au panier" class="bt-produit-ajout-panier" href="http://www.refonte.auchandirect.fr/rayon.productgridorlist.productlist.thumbnailproduct.addproducttobasket/92132?t:ac=nouveautes">Ajouter au panier</a><a id="addProductToShoppingList_22" onclick="javascript:Tapestry.waitForPage(event);" title="Ajouter à ma liste" class="bt-produit-ajout-liste" href="http://www.refonte.auchandirect.fr/rayon.productgridorlist.productlist.thumbnailproduct.addproducttoshoppinglist/92132?t:ac=nouveautes">Ajouter à ma liste</a></div><div class="infos-produit-1"><div class="prix-actuel"><span>2.40€</span></div></div><div class="infos-produit-2"><a title="Voir le produit" href="../../charcuterie-traiteur/charcuterie/saucisses-cocktail/id1/468/92132.html"><h3>AUCHAN BIO</h3><h4>Saucisses cocktail</h4><h4></h4><p>
200 g
<br/>
12.00€/kg
</p></a></div><div class="mini_picto_bas"><img alt="frais" src="http://www.refonte.auchandirect.fr/static/images/frais_small.jpg"/><img src="http://www.refonte.auchandirect.fr/static/images/DLC-garantie-6j_small.jpg"/><img src="http://www.refonte.auchandirect.fr/static/images/AB_small.jpg"/></div></div></div></td><td><div class="bloc-produit nouveaute"><div class="bloc-produit-content"><a title="Voir le produit" href="../../charcuterie-traiteur/charcuterie/jambon-cru-fum%25C3%25A9/id1/468/92131.html"><img src="http://www.refonte.auchandirect.fr/static/images/products/line/92131.jpg" alt="" class="produit "/></a><div class="picto"><span class="invisible"></span></div><img alt="nouveauté" src="http://www.refonte.auchandirect.fr/static/images/ruban-nouveaute_small.png" class="ruban"/><div class="boutons-produit"><a id="addProductToBasket_12" onclick="javascript:Tapestry.waitForPage(event);" title="Ajouter au panier" class="bt-produit-ajout-panier" href="http://www.refonte.auchandirect.fr/rayon.productgridorlist.productlist.thumbnailproduct.addproducttobasket/92131?t:ac=nouveautes">Ajouter au panier</a><a id="addProductToShoppingList_23" onclick="javascript:Tapestry.waitForPage(event);" title="Ajouter à ma liste" class="bt-produit-ajout-liste" href="http://www.refonte.auchandirect.fr/rayon.productgridorlist.productlist.thumbnailproduct.addproducttoshoppinglist/92131?t:ac=nouveautes">Ajouter à ma liste</a></div><div class="infos-produit-1"><div class="prix-actuel"><span>3.69€</span></div></div><div class="infos-produit-2"><a title="Voir le produit" href="../../charcuterie-traiteur/charcuterie/jambon-cru-fum%25C3%25A9/id1/468/92131.html"><h3>AUCHAN BIO</h3><h4>Jambon cru fumé</h4><h4></h4><p>
100 g
</p></a></div><div class="mini_picto_bas"><img alt="frais" src="http://www.refonte.auchandirect.fr/static/images/frais_small.jpg"/><img src="http://www.refonte.auchandirect.fr/static/images/DLC-garantie-6j_small.jpg"/><img src="http://www.refonte.auchandirect.fr/static/images/AB_small.jpg"/></div></div></div></td><td><div class="bloc-produit nouveaute bientot-dispo"><div class="bloc-produit-content"><a title="Voir le produit" href="../../charcuterie-traiteur/traiteur/gnocchis/id1/465/79779.html"><img src="http://www.refonte.auchandirect.fr/static/images/products/line/79779.jpg" alt="" class="produit "/></a><div class="picto"><span class="invisible"></span></div><img alt="nouveauté" src="http://www.refonte.auchandirect.fr/static/images/ruban-nouveaute_small.png" class="ruban"/><div class="boutons-produit"><a class="bt-produit-ajout-panier disable" title="Bientôt disponible" href="javascript:void(0)">Bientôt disponible</a><a id="addProductToShoppingList_24" onclick="javascript:Tapestry.waitForPage(event);" title="Ajouter à ma liste" class="bt-produit-ajout-liste" href="http://www.refonte.auchandirect.fr/rayon.productgridorlist.productlist.thumbnailproduct.addproducttoshoppinglist/79779?t:ac=nouveautes">Ajouter à ma liste</a></div><div class="infos-produit-1"><div class="prix-actuel"><span>1.84€</span></div></div><div class="infos-produit-2"><a title="Voir le produit" href="../../charcuterie-traiteur/traiteur/gnocchis/id1/465/79779.html"><h3>AUCHAN BIO</h3><h4>Gnocchis</h4><h4></h4><p>
300 g
<br/>
6.13€/kg
</p></a></div><div class="mini_picto_bas"><img alt="frais" src="http://www.refonte.auchandirect.fr/static/images/frais_small.jpg"/><img src="http://www.refonte.auchandirect.fr/static/images/DLC-garantie-6j_small.jpg"/><img src="http://www.refonte.auchandirect.fr/static/images/AB_small.jpg"/></div></div></div></td></tr><tr><td><div class="bloc-produit nouveaute bientot-dispo"><div class="bloc-produit-content"><a title="Voir le produit" href="../../charcuterie-traiteur/traiteur/raviolis-boeuf/id1/465/79793.html"><img src="http://www.refonte.auchandirect.fr/static/images/products/line/79793.jpg" alt="" class="produit "/></a><div class="picto"><span class="invisible"></span></div><img alt="nouveauté" src="http://www.refonte.auchandirect.fr/static/images/ruban-nouveaute_small.png" class="ruban"/><div class="boutons-produit"><a class="bt-produit-ajout-panier disable" title="Bientôt disponible" href="javascript:void(0)">Bientôt disponible</a><a id="addProductToShoppingList_25" onclick="javascript:Tapestry.waitForPage(event);" title="Ajouter à ma liste" class="bt-produit-ajout-liste" href="http://www.refonte.auchandirect.fr/rayon.productgridorlist.productlist.thumbnailproduct.addproducttoshoppinglist/79793?t:ac=nouveautes">Ajouter à ma liste</a></div><div class="infos-produit-1"><div class="prix-actuel"><span>2.54€</span></div></div><div class="infos-produit-2"><a title="Voir le produit" href="../../charcuterie-traiteur/traiteur/raviolis-boeuf/id1/465/79793.html"><h3>AUCHAN BIO</h3><h4>Raviolis boeuf</h4><h4></h4><p>
300 g
</p></a></div><div class="mini_picto_bas"><img alt="frais" src="http://www.refonte.auchandirect.fr/static/images/frais_small.jpg"/><img src="http://www.refonte.auchandirect.fr/static/images/DLC-garantie-6j_small.jpg"/><img src="http://www.refonte.auchandirect.fr/static/images/AB_small.jpg"/></div></div></div></td><td><div class="bloc-produit nouveaute bientot-dispo"><div class="bloc-produit-content"><a title="Voir le produit" href="../../charcuterie-traiteur/traiteur/carottes-r%25C3%25A2p%25C3%25A9es/id1/465/83100.html"><img src="http://www.refonte.auchandirect.fr/static/images/products/line/83100.jpg" alt="" class="produit "/></a><div class="picto"><span class="invisible"></span></div><img alt="nouveauté" src="http://www.refonte.auchandirect.fr/static/images/ruban-nouveaute_small.png" class="ruban"/><div class="boutons-produit"><a class="bt-produit-ajout-panier disable" title="Bientôt disponible" href="javascript:void(0)">Bientôt disponible</a><a id="addProductToShoppingList_26" onclick="javascript:Tapestry.waitForPage(event);" title="Ajouter à ma liste" class="bt-produit-ajout-liste" href="http://www.refonte.auchandirect.fr/rayon.productgridorlist.productlist.thumbnailproduct.addproducttoshoppinglist/83100?t:ac=nouveautes">Ajouter à ma liste</a></div><div class="infos-produit-1"><div class="prix-actuel"><span>1.94€</span></div></div><div class="infos-produit-2"><a title="Voir le produit" href="../../charcuterie-traiteur/traiteur/carottes-r%25C3%25A2p%25C3%25A9es/id1/465/83100.html"><h3>AUCHAN BIO</h3><h4>Carottes râpées</h4><h4></h4><p>
200 g
<br/>
9.70€/kg
</p></a></div><div class="mini_picto_bas"><img alt="frais" src="http://www.refonte.auchandirect.fr/static/images/frais_small.jpg"/><img src="http://www.refonte.auchandirect.fr/static/images/DLC-garantie-6j_small.jpg"/><img src="http://www.refonte.auchandirect.fr/static/images/AB_small.jpg"/></div></div></div></td><td><div class="bloc-produit nouveaute bientot-dispo"><div class="bloc-produit-content"><a title="Voir le produit" href="../../charcuterie-traiteur/traiteur/raviolis-3-fromages/id1/465/83504.html"><img src="http://www.refonte.auchandirect.fr/static/images/products/line/83504.jpg" alt="" class="produit "/></a><div class="picto"><span class="invisible"></span></div><img alt="nouveauté" src="http://www.refonte.auchandirect.fr/static/images/ruban-nouveaute_small.png" class="ruban"/><div class="boutons-produit"><a class="bt-produit-ajout-panier disable" title="Bientôt disponible" href="javascript:void(0)">Bientôt disponible</a><a id="addProductToShoppingList_27" onclick="javascript:Tapestry.waitForPage(event);" title="Ajouter à ma liste" class="bt-produit-ajout-liste" href="http://www.refonte.auchandirect.fr/rayon.productgridorlist.productlist.thumbnailproduct.addproducttoshoppinglist/83504?t:ac=nouveautes">Ajouter à ma liste</a></div><div class="infos-produit-1"><div class="prix-actuel"><span>2.49€</span></div></div><div class="infos-produit-2"><a title="Voir le produit" href="../../charcuterie-traiteur/traiteur/raviolis-3-fromages/id1/465/83504.html"><h3>AUCHAN BIO</h3><h4>Raviolis 3 fromages</h4><h4></h4><p>
250 g
</p></a></div><div class="mini_picto_bas"><img alt="frais" src="http://www.refonte.auchandirect.fr/static/images/frais_small.jpg"/><img src="http://www.refonte.auchandirect.fr/static/images/DLC-garantie-6j_small.jpg"/><img src="http://www.refonte.auchandirect.fr/static/images/AB_small.jpg"/></div></div></div></td></tr><tr><td><div class="bloc-produit nouveaute bientot-dispo"><div class="bloc-produit-content"><a title="Voir le produit" href="../../charcuterie-traiteur/traiteur/taboul%25C3%25A9-orient/id1/465/83099.html"><img src="http://www.refonte.auchandirect.fr/static/images/products/line/83099.jpg" alt="" class="produit "/></a><div class="picto"><span class="invisible"></span></div><img alt="nouveauté" src="http://www.refonte.auchandirect.fr/static/images/ruban-nouveaute_small.png" class="ruban"/><div class="boutons-produit"><a class="bt-produit-ajout-panier disable" title="Bientôt disponible" href="javascript:void(0)">Bientôt disponible</a><a id="addProductToShoppingList_28" onclick="javascript:Tapestry.waitForPage(event);" title="Ajouter à ma liste" class="bt-produit-ajout-liste" href="http://www.refonte.auchandirect.fr/rayon.productgridorlist.productlist.thumbnailproduct.addproducttoshoppinglist/83099?t:ac=nouveautes">Ajouter à ma liste</a></div><div class="infos-produit-1"><div class="prix-actuel"><span>1.87€</span></div></div><div class="infos-produit-2"><a title="Voir le produit" href="../../charcuterie-traiteur/traiteur/taboul%25C3%25A9-orient/id1/465/83099.html"><h3>AUCHAN BIO</h3><h4>Taboulé Orient</h4><h4></h4><p>
200 g
<br/>
9.35€/kg
</p></a></div><div class="mini_picto_bas"><img alt="frais" src="http://www.refonte.auchandirect.fr/static/images/frais_small.jpg"/><img src="http://www.refonte.auchandirect.fr/static/images/DLC-garantie-6j_small.jpg"/><img src="http://www.refonte.auchandirect.fr/static/images/AB_small.jpg"/></div></div></div></td><td><div class="bloc-produit nouveaute bientot-dispo"><div class="bloc-produit-content"><a title="Voir le produit" href="../../charcuterie-traiteur/charcuterie/saucisse-traditionnelle/id1/468/86112.html"><img src="http://www.refonte.auchandirect.fr/static/images/products/line/86112.jpg" alt="" class="produit "/></a><div class="picto"><span class="invisible"></span></div><img alt="nouveauté" src="http://www.refonte.auchandirect.fr/static/images/ruban-nouveaute_small.png" class="ruban"/><div class="boutons-produit"><a class="bt-produit-ajout-panier disable" title="Bientôt disponible" href="javascript:void(0)">Bientôt disponible</a><a id="addProductToShoppingList_29" onclick="javascript:Tapestry.waitForPage(event);" title="Ajouter à ma liste" class="bt-produit-ajout-liste" href="http://www.refonte.auchandirect.fr/rayon.productgridorlist.productlist.thumbnailproduct.addproducttoshoppinglist/86112?t:ac=nouveautes">Ajouter à ma liste</a></div><div class="infos-produit-1"><div class="prix-actuel"><span>3.70€</span></div></div><div class="infos-produit-2"><a title="Voir le produit" href="../../charcuterie-traiteur/charcuterie/saucisse-traditionnelle/id1/468/86112.html"><h3>COCHONOU</h3><h4>Saucisse traditionnelle</h4><h4>10% GRATUIT</h4><p>
250 g + 10% GRATUIT
</p></a></div><div class="mini_picto_bas"><img alt="frais" src="http://www.refonte.auchandirect.fr/static/images/frais_small.jpg"/><img src="http://www.refonte.auchandirect.fr/static/images/DLC-garantie-6j_small.jpg"/></div></div></div></td><td><div class="bloc-produit nouveaute"><div class="bloc-produit-content"><a title="Voir le produit" href="../../charcuterie-traiteur/traiteur/toast-rond-nature/id1/465/88580.html"><img src="http://www.refonte.auchandirect.fr/static/images/products/line/88580.jpg" alt="" class="produit "/></a><div class="picto"><span class="invisible"></span></div><img alt="nouveauté" src="http://www.refonte.auchandirect.fr/static/images/ruban-nouveaute_small.png" class="ruban"/><div class="boutons-produit"><a id="addProductToBasket_13" onclick="javascript:Tapestry.waitForPage(event);" title="Ajouter au panier" class="bt-produit-ajout-panier" href="http://www.refonte.auchandirect.fr/rayon.productgridorlist.productlist.thumbnailproduct.addproducttobasket/88580?t:ac=nouveautes">Ajouter au panier</a><a id="addProductToShoppingList_30" onclick="javascript:Tapestry.waitForPage(event);" title="Ajouter à ma liste" class="bt-produit-ajout-liste" href="http://www.refonte.auchandirect.fr/rayon.productgridorlist.productlist.thumbnailproduct.addproducttoshoppinglist/88580?t:ac=nouveautes">Ajouter à ma liste</a></div><div class="infos-produit-1"><div class="prix-actuel"><span>1.69€</span></div></div><div class="infos-produit-2"><a title="Voir le produit" href="../../charcuterie-traiteur/traiteur/toast-rond-nature/id1/465/88580.html"><h3>JACQUET</h3><h4>Toast rond nature</h4><h4></h4><p>
250 g
<br/>
6.76€/kg
</p></a></div><div class="mini_picto_bas"><img alt="frais" src="http://www.refonte.auchandirect.fr/static/images/frais_small.jpg"/><img src="http://www.refonte.auchandirect.fr/static/images/DLC-garantie-2j_small.jpg"/></div></div></div></td></tr><tr><td><div class="bloc-produit nouveaute"><div class="bloc-produit-content"><a title="Voir le produit" href="../../charcuterie-traiteur/charcuterie/mousse-de-canard-au-sauternes/id1/468/106438.html"><img src="http://www.refonte.auchandirect.fr/static/images/products/line/106438.jpg" alt="" class="produit "/></a><div class="picto"><span class="invisible"></span></div><img alt="nouveauté" src="http://www.refonte.auchandirect.fr/static/images/ruban-nouveaute_small.png" class="ruban"/><div class="boutons-produit"><a id="addProductToBasket_14" onclick="javascript:Tapestry.waitForPage(event);" title="Ajouter au panier" class="bt-produit-ajout-panier" href="http://www.refonte.auchandirect.fr/rayon.productgridorlist.productlist.thumbnailproduct.addproducttobasket/106438?t:ac=nouveautes">Ajouter au panier</a><a id="addProductToShoppingList_31" onclick="javascript:Tapestry.waitForPage(event);" title="Ajouter à ma liste" class="bt-produit-ajout-liste" href="http://www.refonte.auchandirect.fr/rayon.productgridorlist.productlist.thumbnailproduct.addproducttoshoppinglist/106438?t:ac=nouveautes">Ajouter à ma liste</a></div><div class="infos-produit-1"><div class="prix-actuel"><span>3.70€</span></div></div><div class="infos-produit-2"><a title="Voir le produit" href="../../charcuterie-traiteur/charcuterie/mousse-de-canard-au-sauternes/id1/468/106438.html"><h3>MADRANGE</h3><h4>Mousse de canard au sauternes</h4><h4></h4><p>

<br/>
16.89€/kg
</p></a></div><div class="mini_picto_bas"><img alt="frais" src="http://www.refonte.auchandirect.fr/static/images/frais_small.jpg"/></div></div></div></td><td><div class="bloc-produit nouveaute"><div class="bloc-produit-content"><a title="Voir le produit" href="../../charcuterie-traiteur/charcuterie/mousse-de-canard-aux-truffes/id1/468/106439.html"><img src="http://www.refonte.auchandirect.fr/static/images/products/line/106439.jpg" alt="" class="produit "/></a><div class="picto"><span class="invisible"></span></div><img alt="nouveauté" src="http://www.refonte.auchandirect.fr/static/images/ruban-nouveaute_small.png" class="ruban"/><div class="boutons-produit"><a id="addProductToBasket_15" onclick="javascript:Tapestry.waitForPage(event);" title="Ajouter au panier" class="bt-produit-ajout-panier" href="http://www.refonte.auchandirect.fr/rayon.productgridorlist.productlist.thumbnailproduct.addproducttobasket/106439?t:ac=nouveautes">Ajouter au panier</a><a id="addProductToShoppingList_32" onclick="javascript:Tapestry.waitForPage(event);" title="Ajouter à ma liste" class="bt-produit-ajout-liste" href="http://www.refonte.auchandirect.fr/rayon.productgridorlist.productlist.thumbnailproduct.addproducttoshoppinglist/106439?t:ac=nouveautes">Ajouter à ma liste</a></div><div class="infos-produit-1"><div class="prix-actuel"><span>4.40€</span></div></div><div class="infos-produit-2"><a title="Voir le produit" href="../../charcuterie-traiteur/charcuterie/mousse-de-canard-aux-truffes/id1/468/106439.html"><h3>MADRANGE</h3><h4>Mousse de canard aux truffes</h4><h4></h4><p>

<br/>
20.95€/kg
</p></a></div><div class="mini_picto_bas"><img alt="frais" src="http://www.refonte.auchandirect.fr/static/images/frais_small.jpg"/></div></div></div></td><td><div class="bloc-produit nouveaute"><div class="bloc-produit-content"><a title="Voir le produit" href="../../charcuterie-traiteur/produits-festifs/mini-cakes-jambon-olives-et-ch%25C3%25A8vre-tomates/id1/439512/102721.html"><img src="http://www.refonte.auchandirect.fr/static/images/products/line/102721.jpg" alt="" class="produit "/></a><div class="picto"><span class="invisible"></span></div><img alt="nouveauté" src="http://www.refonte.auchandirect.fr/static/images/ruban-nouveaute_small.png" class="ruban"/><div class="boutons-produit"><a id="addProductToBasket_16" onclick="javascript:Tapestry.waitForPage(event);" title="Ajouter au panier" class="bt-produit-ajout-panier" href="http://www.refonte.auchandirect.fr/rayon.productgridorlist.productlist.thumbnailproduct.addproducttobasket/102721?t:ac=nouveautes">Ajouter au panier</a><a id="addProductToShoppingList_33" onclick="javascript:Tapestry.waitForPage(event);" title="Ajouter à ma liste" class="bt-produit-ajout-liste" href="http://www.refonte.auchandirect.fr/rayon.productgridorlist.productlist.thumbnailproduct.addproducttoshoppinglist/102721?t:ac=nouveautes">Ajouter à ma liste</a></div><div class="infos-produit-1"><div class="prix-actuel"><span>5.20€</span></div></div><div class="infos-produit-2"><a title="Voir le produit" href="../../charcuterie-traiteur/produits-festifs/mini-cakes-jambon-olives-et-ch%25C3%25A8vre-tomates/id1/439512/102721.html"><h3>MARIE</h3><h4>Mini cakes jambon olives et chèvre tomates</h4><h4></h4><p>
x 14, 210 g
</p></a></div><div class="mini_picto_bas"><img alt="frais" src="http://www.refonte.auchandirect.fr/static/images/frais_small.jpg"/><img src="http://www.refonte.auchandirect.fr/static/images/DLC-garantie-6j_small.jpg"/></div></div></div></td></tr><tr><td><div class="bloc-produit nouveaute"><div class="bloc-produit-content"><a title="Voir le produit" href="../../charcuterie-traiteur/traiteur/pizza-style-jambon-emmental/id1/465/106787.html"><img src="http://www.refonte.auchandirect.fr/static/images/products/line/106787.jpg" alt="" class="produit "/></a><div class="picto"><span class="invisible"></span></div><img alt="nouveauté" src="http://www.refonte.auchandirect.fr/static/images/ruban-nouveaute_small.png" class="ruban"/><div class="boutons-produit"><a id="addProductToBasket_17" onclick="javascript:Tapestry.waitForPage(event);" title="Ajouter au panier" class="bt-produit-ajout-panier" href="http://www.refonte.auchandirect.fr/rayon.productgridorlist.productlist.thumbnailproduct.addproducttobasket/106787?t:ac=nouveautes">Ajouter au panier</a><a id="addProductToShoppingList_34" onclick="javascript:Tapestry.waitForPage(event);" title="Ajouter à ma liste" class="bt-produit-ajout-liste" href="http://www.refonte.auchandirect.fr/rayon.productgridorlist.productlist.thumbnailproduct.addproducttoshoppinglist/106787?t:ac=nouveautes">Ajouter à ma liste</a></div><div class="infos-produit-1"><div class="prix-actuel"><span>2.49€</span></div></div><div class="infos-produit-2"><a title="Voir le produit" href="../../charcuterie-traiteur/traiteur/pizza-style-jambon-emmental/id1/465/106787.html"><h3>SODEBO</h3><h4>Pizza style jambon emmental</h4><h4></h4><p>
220 g
<br/>
11.32€/kg
</p></a></div><div class="mini_picto_bas"><img alt="frais" src="http://www.refonte.auchandirect.fr/static/images/frais_small.jpg"/><img src="http://www.refonte.auchandirect.fr/static/images/DLC-garantie-6j_small.jpg"/></div></div></div></td><td><div class="bloc-produit nouveaute bientot-dispo"><div class="bloc-produit-content"><a title="Voir le produit" href="../../charcuterie-traiteur/traiteur/pizza-style-aux-3-fromages/id1/465/106785.html"><img src="http://www.refonte.auchandirect.fr/static/images/products/line/106785.jpg" alt="" class="produit "/></a><div class="picto"><span class="invisible"></span></div><img alt="nouveauté" src="http://www.refonte.auchandirect.fr/static/images/ruban-nouveaute_small.png" class="ruban"/><div class="boutons-produit"><a class="bt-produit-ajout-panier disable" title="Bientôt disponible" href="javascript:void(0)">Bientôt disponible</a><a id="addProductToShoppingList_35" onclick="javascript:Tapestry.waitForPage(event);" title="Ajouter à ma liste" class="bt-produit-ajout-liste" href="http://www.refonte.auchandirect.fr/rayon.productgridorlist.productlist.thumbnailproduct.addproducttoshoppinglist/106785?t:ac=nouveautes">Ajouter à ma liste</a></div><div class="infos-produit-1"><div class="prix-actuel"><span>2.49€</span></div></div><div class="infos-produit-2"><a title="Voir le produit" href="../../charcuterie-traiteur/traiteur/pizza-style-aux-3-fromages/id1/465/106785.html"><h3>SODEBO</h3><h4>Pizza style aux 3 fromages</h4><h4></h4><p>
220 g
<br/>
11.32€/kg
</p></a></div><div class="mini_picto_bas"><img alt="frais" src="http://www.refonte.auchandirect.fr/static/images/frais_small.jpg"/><img src="http://www.refonte.auchandirect.fr/static/images/DLC-garantie-6j_small.jpg"/></div></div></div></td><td></td></tr></table><div class="pro-ecolo"><h1>Surgelés</h1></div><table><tr><td><div class="bloc-produit nouveaute bientot-dispo"><div class="bloc-produit-content"><a title="Voir le produit" href="../../surgel%25C3%25A9s/viandes,-produits-de-la-mer/filets-de-merlu-blanc-meuni%25C3%25A8re/id1/470/3557.html"><img src="http://www.refonte.auchandirect.fr/static/images/products/line/3557.jpg" alt="" class="produit "/></a><div class="picto"><span class="invisible"></span></div><img alt="nouveauté" src="http://www.refonte.auchandirect.fr/static/images/ruban-nouveaute_small.png" class="ruban"/><div class="boutons-produit"><a class="bt-produit-ajout-panier disable" title="Bientôt disponible" href="javascript:void(0)">Bientôt disponible</a><a id="addProductToShoppingList_36" onclick="javascript:Tapestry.waitForPage(event);" title="Ajouter à ma liste" class="bt-produit-ajout-liste" href="http://www.refonte.auchandirect.fr/rayon.productgridorlist.productlist.thumbnailproduct.addproducttoshoppinglist/3557?t:ac=nouveautes">Ajouter à ma liste</a></div><div class="infos-produit-1"><div class="prix-actuel"><span>5.51€</span></div></div><div class="infos-produit-2"><a title="Voir le produit" href="../../surgel%25C3%25A9s/viandes,-produits-de-la-mer/filets-de-merlu-blanc-meuni%25C3%25A8re/id1/470/3557.html"><h3>AUCHAN</h3><h4>Filets de merlu blanc meunière</h4><h4></h4><p>
450 g
<br/>
12.24€/kg
</p></a></div><div class="mini_picto_bas"><img alt="surgele" src="http://www.refonte.auchandirect.fr/static/images/surgele_small.jpg"/></div></div></div></td><td><div class="bloc-produit nouveaute"><div class="bloc-produit-content"><a title="Voir le produit" href="../../surgel%25C3%25A9s/glaces,-patisseries,-viennoiseries/m%25C3%25A9lange-de-fruits-rouges/id1/471/29618.html"><img src="http://www.refonte.auchandirect.fr/static/images/products/line/29618.jpg" alt="" class="produit "/></a><div class="picto"><span class="invisible"></span></div><img alt="nouveauté" src="http://www.refonte.auchandirect.fr/static/images/ruban-nouveaute_small.png" class="ruban"/><div class="boutons-produit"><a id="addProductToBasket_18" onclick="javascript:Tapestry.waitForPage(event);" title="Ajouter au panier" class="bt-produit-ajout-panier" href="http://www.refonte.auchandirect.fr/rayon.productgridorlist.productlist.thumbnailproduct.addproducttobasket/29618?t:ac=nouveautes">Ajouter au panier</a><a id="addProductToShoppingList_37" onclick="javascript:Tapestry.waitForPage(event);" title="Ajouter à ma liste" class="bt-produit-ajout-liste" href="http://www.refonte.auchandirect.fr/rayon.productgridorlist.productlist.thumbnailproduct.addproducttoshoppinglist/29618?t:ac=nouveautes">Ajouter à ma liste</a></div><div class="infos-produit-1"><div class="prix-actuel"><span>2.77€</span></div></div><div class="infos-produit-2"><a title="Voir le produit" href="../../surgel%25C3%25A9s/glaces,-patisseries,-viennoiseries/m%25C3%25A9lange-de-fruits-rouges/id1/471/29618.html"><h3>AUCHAN</h3><h4>Mélange de fruits rouges</h4><h4></h4><p>
450 g
<br/>
6.16€/kg
</p></a></div><div class="mini_picto_bas"><img alt="surgele" src="http://www.refonte.auchandirect.fr/static/images/surgele_small.jpg"/></div></div></div></td><td><div class="bloc-produit nouveaute"><div class="bloc-produit-content"><a title="Voir le produit" href="../../surgel%25C3%25A9s/pizzas,-tartes,-plats-cuisin%25C3%25A9s/gratin-de-riggatoni-au-jambon/id1/431964/43309.html"><img src="http://www.refonte.auchandirect.fr/static/images/products/line/43309.jpg" alt="" class="produit "/></a><div class="picto"><span class="invisible"></span></div><img alt="nouveauté" src="http://www.refonte.auchandirect.fr/static/images/ruban-nouveaute_small.png" class="ruban"/><div class="boutons-produit"><a id="addProductToBasket_19" onclick="javascript:Tapestry.waitForPage(event);" title="Ajouter au panier" class="bt-produit-ajout-panier" href="http://www.refonte.auchandirect.fr/rayon.productgridorlist.productlist.thumbnailproduct.addproducttobasket/43309?t:ac=nouveautes">Ajouter au panier</a><a id="addProductToShoppingList_38" onclick="javascript:Tapestry.waitForPage(event);" title="Ajouter à ma liste" class="bt-produit-ajout-liste" href="http://www.refonte.auchandirect.fr/rayon.productgridorlist.productlist.thumbnailproduct.addproducttoshoppinglist/43309?t:ac=nouveautes">Ajouter à ma liste</a></div><div class="infos-produit-1"><div class="prix-actuel"><span>2.02€</span></div></div><div class="infos-produit-2"><a title="Voir le produit" href="../../surgel%25C3%25A9s/pizzas,-tartes,-plats-cuisin%25C3%25A9s/gratin-de-riggatoni-au-jambon/id1/431964/43309.html"><h3>AUCHAN</h3><h4>Gratin de Riggatoni au jambon</h4><h4></h4><p>
300 g
<br/>
6.73€/kg
</p></a></div><div class="mini_picto_bas"><img alt="surgele" src="http://www.refonte.auchandirect.fr/static/images/surgele_small.jpg"/></div></div></div></td></tr><tr><td><div class="bloc-produit nouveaute"><div class="bloc-produit-content"><a title="Voir le produit" href="../../surgel%25C3%25A9s/glaces,-patisseries,-viennoiseries/cr%25C3%25A8me-glac%25C3%25A9e/id1/471/49169.html"><img src="http://www.refonte.auchandirect.fr/static/images/products/line/49169.jpg" alt="" class="produit "/></a><div class="picto"><span class="invisible"></span></div><img alt="nouveauté" src="http://www.refonte.auchandirect.fr/static/images/ruban-nouveaute_small.png" class="ruban"/><div class="boutons-produit"><a id="addProductToBasket_20" onclick="javascript:Tapestry.waitForPage(event);" title="Ajouter au panier" class="bt-produit-ajout-panier" href="http://www.refonte.auchandirect.fr/rayon.productgridorlist.productlist.thumbnailproduct.addproducttobasket/49169?t:ac=nouveautes">Ajouter au panier</a><a id="addProductToShoppingList_39" onclick="javascript:Tapestry.waitForPage(event);" title="Ajouter à ma liste" class="bt-produit-ajout-liste" href="http://www.refonte.auchandirect.fr/rayon.productgridorlist.productlist.thumbnailproduct.addproducttoshoppinglist/49169?t:ac=nouveautes">Ajouter à ma liste</a></div><div class="infos-produit-1"><div class="prix-actuel"><span>2.18€</span></div></div><div class="infos-produit-2"><a title="Voir le produit" href="../../surgel%25C3%25A9s/glaces,-patisseries,-viennoiseries/cr%25C3%25A8me-glac%25C3%25A9e/id1/471/49169.html"><h3>AUCHAN</h3><h4>Crème glacée</h4><h4>Chocolat sauce cacao</h4><p>
1 l
<br/>
2.18€/l
</p></a></div><div class="mini_picto_bas"><img alt="surgele" src="http://www.refonte.auchandirect.fr/static/images/surgele_small.jpg"/></div></div></div></td><td><div class="bloc-produit nouveaute"><div class="bloc-produit-content"><a title="Voir le produit" href="../../surgel%25C3%25A9s/ap%25C3%25A9ritifs,-entr%25C3%25A9es,-snacks/feuillet%25C3%25A9s-aux-3-fromages/id1/472/60150.html"><img src="http://www.refonte.auchandirect.fr/static/images/products/line/60150.jpg" alt="" class="produit "/></a><div class="picto"><span class="invisible"></span></div><img alt="nouveauté" src="http://www.refonte.auchandirect.fr/static/images/ruban-nouveaute_small.png" class="ruban"/><div class="boutons-produit"><a id="addProductToBasket_21" onclick="javascript:Tapestry.waitForPage(event);" title="Ajouter au panier" class="bt-produit-ajout-panier" href="http://www.refonte.auchandirect.fr/rayon.productgridorlist.productlist.thumbnailproduct.addproducttobasket/60150?t:ac=nouveautes">Ajouter au panier</a><a id="addProductToShoppingList_40" onclick="javascript:Tapestry.waitForPage(event);" title="Ajouter à ma liste" class="bt-produit-ajout-liste" href="http://www.refonte.auchandirect.fr/rayon.productgridorlist.productlist.thumbnailproduct.addproducttoshoppinglist/60150?t:ac=nouveautes">Ajouter à ma liste</a></div><div class="infos-produit-1"><div class="prix-actuel"><span>3.00€</span></div></div><div class="infos-produit-2"><a title="Voir le produit" href="../../surgel%25C3%25A9s/ap%25C3%25A9ritifs,-entr%25C3%25A9es,-snacks/feuillet%25C3%25A9s-aux-3-fromages/id1/472/60150.html"><h3>AUCHAN</h3><h4>Feuilletés aux 3 Fromages</h4><h4></h4><p>
4 x 100 g
<br/>
7.50€/kg
</p></a></div><div class="mini_picto_bas"><img alt="surgele" src="http://www.refonte.auchandirect.fr/static/images/surgele_small.jpg"/></div></div></div></td><td><div class="bloc-produit nouveaute bientot-dispo"><div class="bloc-produit-content"><a title="Voir le produit" href="../../surgel%25C3%25A9s/viandes,-produits-de-la-mer/croquettes-ail-et-fines-herbes/id1/470/87206.html"><img src="http://www.refonte.auchandirect.fr/static/images/products/line/87206.jpg" alt="" class="produit "/></a><div class="picto"><span class="invisible"></span></div><img alt="nouveauté" src="http://www.refonte.auchandirect.fr/static/images/ruban-nouveaute_small.png" class="ruban"/><div class="boutons-produit"><a class="bt-produit-ajout-panier disable" title="Bientôt disponible" href="javascript:void(0)">Bientôt disponible</a><a id="addProductToShoppingList_41" onclick="javascript:Tapestry.waitForPage(event);" title="Ajouter à ma liste" class="bt-produit-ajout-liste" href="http://www.refonte.auchandirect.fr/rayon.productgridorlist.productlist.thumbnailproduct.addproducttoshoppinglist/87206?t:ac=nouveautes">Ajouter à ma liste</a></div><div class="infos-produit-1"><div class="prix-actuel"><span>4.21€</span></div></div><div class="infos-produit-2"><a title="Voir le produit" href="../../surgel%25C3%25A9s/viandes,-produits-de-la-mer/croquettes-ail-et-fines-herbes/id1/470/87206.html"><h3>AUCHAN</h3><h4>Croquettes ail et fines herbes</h4><h4></h4><p>
x 20
<br/>
0.21€/pièce
</p></a></div><div class="mini_picto_bas"><img alt="surgele" src="http://www.refonte.auchandirect.fr/static/images/surgele_small.jpg"/></div></div></div></td></tr><tr><td><div class="bloc-produit nouveaute"><div class="bloc-produit-content"><a title="Voir le produit" href="../../surgel%25C3%25A9s/l%25C3%25A9gumes,-pommes-de-terre,-herbes/fonds-d'artichauts/id1/469/85876.html"><img src="http://www.refonte.auchandirect.fr/static/images/products/line/85876.jpg" alt="" class="produit "/></a><div class="picto"><span class="invisible"></span></div><img alt="nouveauté" src="http://www.refonte.auchandirect.fr/static/images/ruban-nouveaute_small.png" class="ruban"/><div class="boutons-produit"><a id="addProductToBasket_22" onclick="javascript:Tapestry.waitForPage(event);" title="Ajouter au panier" class="bt-produit-ajout-panier" href="http://www.refonte.auchandirect.fr/rayon.productgridorlist.productlist.thumbnailproduct.addproducttobasket/85876?t:ac=nouveautes">Ajouter au panier</a><a id="addProductToShoppingList_42" onclick="javascript:Tapestry.waitForPage(event);" title="Ajouter à ma liste" class="bt-produit-ajout-liste" href="http://www.refonte.auchandirect.fr/rayon.productgridorlist.productlist.thumbnailproduct.addproducttoshoppinglist/85876?t:ac=nouveautes">Ajouter à ma liste</a></div><div class="infos-produit-1"><div class="prix-actuel"><span>5.25€</span></div></div><div class="infos-produit-2"><a title="Voir le produit" href="../../surgel%25C3%25A9s/l%25C3%25A9gumes,-pommes-de-terre,-herbes/fonds-d'artichauts/id1/469/85876.html"><h3>AUCHAN</h3><h4>Fonds d'artichauts</h4><h4></h4><p>
1 kg
<br/>
5.25€/kg
</p></a></div><div class="mini_picto_bas"><img alt="surgele" src="http://www.refonte.auchandirect.fr/static/images/surgele_small.jpg"/></div></div></div></td><td><div class="bloc-produit nouveaute"><div class="bloc-produit-content"><a title="Voir le produit" href="../../surgel%25C3%25A9s/l%25C3%25A9gumes,-pommes-de-terre,-herbes/poel%25C3%25A9e-campagnarde/id1/469/44689.html"><img src="http://www.refonte.auchandirect.fr/static/images/products/line/44689.jpg" alt="" class="produit "/></a><div class="picto"><span class="invisible"></span></div><img alt="nouveauté" src="http://www.refonte.auchandirect.fr/static/images/ruban-nouveaute_small.png" class="ruban"/><div class="boutons-produit"><a id="addProductToBasket_23" onclick="javascript:Tapestry.waitForPage(event);" title="Ajouter au panier" class="bt-produit-ajout-panier" href="http://www.refonte.auchandirect.fr/rayon.productgridorlist.productlist.thumbnailproduct.addproducttobasket/44689?t:ac=nouveautes">Ajouter au panier</a><a id="addProductToShoppingList_43" onclick="javascript:Tapestry.waitForPage(event);" title="Ajouter à ma liste" class="bt-produit-ajout-liste" href="http://www.refonte.auchandirect.fr/rayon.productgridorlist.productlist.thumbnailproduct.addproducttoshoppinglist/44689?t:ac=nouveautes">Ajouter à ma liste</a></div><div class="infos-produit-1"><div class="prix-actuel"><span>2.98€</span></div></div><div class="infos-produit-2"><a title="Voir le produit" href="../../surgel%25C3%25A9s/l%25C3%25A9gumes,-pommes-de-terre,-herbes/poel%25C3%25A9e-campagnarde/id1/469/44689.html"><h3>AUCHAN</h3><h4>Poelée campagnarde</h4><h4></h4><p>
900 g
<br/>
3.31€/kg
</p></a></div><div class="mini_picto_bas"><img alt="surgele" src="http://www.refonte.auchandirect.fr/static/images/surgele_small.jpg"/></div></div></div></td><td><div class="bloc-produit nouveaute bientot-dispo"><div class="bloc-produit-content"><a title="Voir le produit" href="../../surgel%25C3%25A9s/l%25C3%25A9gumes,-pommes-de-terre,-herbes/flageolets-verts/id1/469/87993.html"><img src="http://www.refonte.auchandirect.fr/static/images/products/line/87993.jpg" alt="" class="produit "/></a><div class="picto"><span class="invisible"></span></div><img alt="nouveauté" src="http://www.refonte.auchandirect.fr/static/images/ruban-nouveaute_small.png" class="ruban"/><div class="boutons-produit"><a class="bt-produit-ajout-panier disable" title="Bientôt disponible" href="javascript:void(0)">Bientôt disponible</a><a id="addProductToShoppingList_44" onclick="javascript:Tapestry.waitForPage(event);" title="Ajouter à ma liste" class="bt-produit-ajout-liste" href="http://www.refonte.auchandirect.fr/rayon.productgridorlist.productlist.thumbnailproduct.addproducttoshoppinglist/87993?t:ac=nouveautes">Ajouter à ma liste</a></div><div class="infos-produit-1"><div class="prix-actuel"><span>1.37€</span></div></div><div class="infos-produit-2"><a title="Voir le produit" href="../../surgel%25C3%25A9s/l%25C3%25A9gumes,-pommes-de-terre,-herbes/flageolets-verts/id1/469/87993.html"><h3>AUCHAN</h3><h4>Flageolets verts</h4><h4></h4><p>
600 g
</p></a></div><div class="mini_picto_bas"><img alt="surgele" src="http://www.refonte.auchandirect.fr/static/images/surgele_small.jpg"/></div></div></div></td></tr><tr><td><div class="bloc-produit nouveaute"><div class="bloc-produit-content"><a title="Voir le produit" href="../../surgel%25C3%25A9s/l%25C3%25A9gumes,-pommes-de-terre,-herbes/pommes-dauphine/id1/469/96421.html"><img src="http://www.refonte.auchandirect.fr/static/images/products/line/96421.jpg" alt="" class="produit "/></a><div class="picto"><span class="invisible"></span></div><img alt="nouveauté" src="http://www.refonte.auchandirect.fr/static/images/ruban-nouveaute_small.png" class="ruban"/><div class="boutons-produit"><a id="addProductToBasket_24" onclick="javascript:Tapestry.waitForPage(event);" title="Ajouter au panier" class="bt-produit-ajout-panier" href="http://www.refonte.auchandirect.fr/rayon.productgridorlist.productlist.thumbnailproduct.addproducttobasket/96421?t:ac=nouveautes">Ajouter au panier</a><a id="addProductToShoppingList_45" onclick="javascript:Tapestry.waitForPage(event);" title="Ajouter à ma liste" class="bt-produit-ajout-liste" href="http://www.refonte.auchandirect.fr/rayon.productgridorlist.productlist.thumbnailproduct.addproducttoshoppinglist/96421?t:ac=nouveautes">Ajouter à ma liste</a></div><div class="infos-produit-1"><div class="prix-actuel"><span>2.29€</span></div></div><div class="infos-produit-2"><a title="Voir le produit" href="../../surgel%25C3%25A9s/l%25C3%25A9gumes,-pommes-de-terre,-herbes/pommes-dauphine/id1/469/96421.html"><h3>AUCHAN</h3><h4>Pommes dauphine</h4><h4></h4><p>
750 g
<br/>
3.05€/kg
</p></a></div><div class="mini_picto_bas"><img alt="surgele" src="http://www.refonte.auchandirect.fr/static/images/surgele_small.jpg"/></div></div></div></td><td><div class="bloc-produit nouveaute"><div class="bloc-produit-content"><a title="Voir le produit" href="../../surgel%25C3%25A9s/l%25C3%25A9gumes,-pommes-de-terre,-herbes/pommes-duchesse/id1/469/98390.html"><img src="http://www.refonte.auchandirect.fr/static/images/products/line/98390.jpg" alt="" class="produit "/></a><div class="picto"><span class="invisible"></span></div><img alt="nouveauté" src="http://www.refonte.auchandirect.fr/static/images/ruban-nouveaute_small.png" class="ruban"/><div class="boutons-produit"><a id="addProductToBasket_25" onclick="javascript:Tapestry.waitForPage(event);" title="Ajouter au panier" class="bt-produit-ajout-panier" href="http://www.refonte.auchandirect.fr/rayon.productgridorlist.productlist.thumbnailproduct.addproducttobasket/98390?t:ac=nouveautes">Ajouter au panier</a><a id="addProductToShoppingList_46" onclick="javascript:Tapestry.waitForPage(event);" title="Ajouter à ma liste" class="bt-produit-ajout-liste" href="http://www.refonte.auchandirect.fr/rayon.productgridorlist.productlist.thumbnailproduct.addproducttoshoppinglist/98390?t:ac=nouveautes">Ajouter à ma liste</a></div><div class="infos-produit-1"><div class="prix-actuel"><span>1.90€</span></div></div><div class="infos-produit-2"><a title="Voir le produit" href="../../surgel%25C3%25A9s/l%25C3%25A9gumes,-pommes-de-terre,-herbes/pommes-duchesse/id1/469/98390.html"><h3>AUCHAN</h3><h4>Pommes duchesse</h4><h4></h4><p>
750g
<br/>
2.53€/kg
</p></a></div><div class="mini_picto_bas"><img alt="surgele" src="http://www.refonte.auchandirect.fr/static/images/surgele_small.jpg"/></div></div></div></td><td><div class="bloc-produit nouveaute"><div class="bloc-produit-content"><a title="Voir le produit" href="../../surgel%25C3%25A9s/destockage-produits-festifs/petits-fours/id1/467562/85960.html"><img src="http://www.refonte.auchandirect.fr/static/images/products/line/85960.jpg" alt="" class="produit "/></a><div class="picto"><span class="invisible"></span></div><img alt="nouveauté" src="http://www.refonte.auchandirect.fr/static/images/ruban-nouveaute_small.png" class="ruban"/><div class="boutons-produit"><a id="addProductToBasket_26" onclick="javascript:Tapestry.waitForPage(event);" title="Ajouter au panier" class="bt-produit-ajout-panier" href="http://www.refonte.auchandirect.fr/rayon.productgridorlist.productlist.thumbnailproduct.addproducttobasket/85960?t:ac=nouveautes">Ajouter au panier</a><a id="addProductToShoppingList_47" onclick="javascript:Tapestry.waitForPage(event);" title="Ajouter à ma liste" class="bt-produit-ajout-liste" href="http://www.refonte.auchandirect.fr/rayon.productgridorlist.productlist.thumbnailproduct.addproducttoshoppinglist/85960?t:ac=nouveautes">Ajouter à ma liste</a></div><div class="infos-produit-1"><div class="prix-actuel"><span>5.96€</span></div></div><div class="infos-produit-2"><a title="Voir le produit" href="../../surgel%25C3%25A9s/destockage-produits-festifs/petits-fours/id1/467562/85960.html"><h3>AUCHAN</h3><h4>Petits fours</h4><h4></h4><p>
x 45, 480 g
<br/>
12.42€/kg
</p></a></div><div class="mini_picto_bas"><img alt="surgele" src="http://www.refonte.auchandirect.fr/static/images/surgele_small.jpg"/></div></div></div></td></tr><tr><td><div class="bloc-produit nouveaute"><div class="bloc-produit-content"><a title="Voir le produit" href="../../surgel%25C3%25A9s/glaces,-patisseries,-viennoiseries/coulis-de-framboises/id1/471/102170.html"><img src="http://www.refonte.auchandirect.fr/static/images/products/line/102170.jpg" alt="" class="produit "/></a><div class="picto"><span class="invisible"></span></div><img alt="nouveauté" src="http://www.refonte.auchandirect.fr/static/images/ruban-nouveaute_small.png" class="ruban"/><div class="boutons-produit"><a id="addProductToBasket_27" onclick="javascript:Tapestry.waitForPage(event);" title="Ajouter au panier" class="bt-produit-ajout-panier" href="http://www.refonte.auchandirect.fr/rayon.productgridorlist.productlist.thumbnailproduct.addproducttobasket/102170?t:ac=nouveautes">Ajouter au panier</a><a id="addProductToShoppingList_48" onclick="javascript:Tapestry.waitForPage(event);" title="Ajouter à ma liste" class="bt-produit-ajout-liste" href="http://www.refonte.auchandirect.fr/rayon.productgridorlist.productlist.thumbnailproduct.addproducttoshoppinglist/102170?t:ac=nouveautes">Ajouter à ma liste</a></div><div class="infos-produit-1"><div class="prix-actuel"><span>2.70€</span></div></div><div class="infos-produit-2"><a title="Voir le produit" href="../../surgel%25C3%25A9s/glaces,-patisseries,-viennoiseries/coulis-de-framboises/id1/471/102170.html"><h3>AUCHAN</h3><h4>Coulis de framboises</h4><h4></h4><p>
x 4, 200 g
<br/>
13.50€/kg
</p></a></div><div class="mini_picto_bas"><img alt="surgele" src="http://www.refonte.auchandirect.fr/static/images/surgele_small.jpg"/></div></div></div></td><td><div class="bloc-produit nouveaute"><div class="bloc-produit-content"><a title="Voir le produit" href="../../surgel%25C3%25A9s/glaces,-patisseries,-viennoiseries/sorbet-poire/id1/471/102646.html"><img src="http://www.refonte.auchandirect.fr/static/images/products/line/102646.jpg" alt="" class="produit "/></a><div class="picto"><span class="invisible"></span></div><img alt="nouveauté" src="http://www.refonte.auchandirect.fr/static/images/ruban-nouveaute_small.png" class="ruban"/><div class="boutons-produit"><a id="addProductToBasket_28" onclick="javascript:Tapestry.waitForPage(event);" title="Ajouter au panier" class="bt-produit-ajout-panier" href="http://www.refonte.auchandirect.fr/rayon.productgridorlist.productlist.thumbnailproduct.addproducttobasket/102646?t:ac=nouveautes">Ajouter au panier</a><a id="addProductToShoppingList_49" onclick="javascript:Tapestry.waitForPage(event);" title="Ajouter à ma liste" class="bt-produit-ajout-liste" href="http://www.refonte.auchandirect.fr/rayon.productgridorlist.productlist.thumbnailproduct.addproducttoshoppinglist/102646?t:ac=nouveautes">Ajouter à ma liste</a></div><div class="infos-produit-1"><div class="prix-actuel"><span>2.29€</span></div></div><div class="infos-produit-2"><a title="Voir le produit" href="../../surgel%25C3%25A9s/glaces,-patisseries,-viennoiseries/sorbet-poire/id1/471/102646.html"><h3>AUCHAN</h3><h4>Sorbet poire</h4><h4></h4><p>
1 l
<br/>
2.29€/l
</p></a></div><div class="mini_picto_bas"><img alt="surgele" src="http://www.refonte.auchandirect.fr/static/images/surgele_small.jpg"/></div></div></div></td><td><div class="bloc-produit nouveaute"><div class="bloc-produit-content"><a title="Voir le produit" href="../../surgel%25C3%25A9s/glaces,-patisseries,-viennoiseries/sorbet-pomme/id1/471/102462.html"><img src="http://www.refonte.auchandirect.fr/static/images/products/line/102462.jpg" alt="" class="produit "/></a><div class="picto"><span class="invisible"></span></div><img alt="nouveauté" src="http://www.refonte.auchandirect.fr/static/images/ruban-nouveaute_small.png" class="ruban"/><div class="boutons-produit"><a id="addProductToBasket_29" onclick="javascript:Tapestry.waitForPage(event);" title="Ajouter au panier" class="bt-produit-ajout-panier" href="http://www.refonte.auchandirect.fr/rayon.productgridorlist.productlist.thumbnailproduct.addproducttobasket/102462?t:ac=nouveautes">Ajouter au panier</a><a id="addProductToShoppingList_50" onclick="javascript:Tapestry.waitForPage(event);" title="Ajouter à ma liste" class="bt-produit-ajout-liste" href="http://www.refonte.auchandirect.fr/rayon.productgridorlist.productlist.thumbnailproduct.addproducttoshoppinglist/102462?t:ac=nouveautes">Ajouter à ma liste</a></div><div class="infos-produit-1"><div class="prix-actuel"><span>2.29€</span></div></div><div class="infos-produit-2"><a title="Voir le produit" href="../../surgel%25C3%25A9s/glaces,-patisseries,-viennoiseries/sorbet-pomme/id1/471/102462.html"><h3>AUCHAN</h3><h4>Sorbet pomme</h4><h4></h4><p>
1 l
<br/>
2.29€/l
</p></a></div><div class="mini_picto_bas"><img alt="surgele" src="http://www.refonte.auchandirect.fr/static/images/surgele_small.jpg"/></div></div></div></td></tr><tr><td><div class="bloc-produit nouveaute"><div class="bloc-produit-content"><a title="Voir le produit" href="../../surgel%25C3%25A9s/ap%25C3%25A9ritifs,-entr%25C3%25A9es,-snacks/moules-farcies/id1/472/108057.html"><img src="http://www.refonte.auchandirect.fr/static/images/products/line/108057.jpg" alt="" class="produit "/></a><div class="picto"><span class="invisible"></span></div><img alt="nouveauté" src="http://www.refonte.auchandirect.fr/static/images/ruban-nouveaute_small.png" class="ruban"/><div class="boutons-produit"><a id="addProductToBasket_30" onclick="javascript:Tapestry.waitForPage(event);" title="Ajouter au panier" class="bt-produit-ajout-panier" href="http://www.refonte.auchandirect.fr/rayon.productgridorlist.productlist.thumbnailproduct.addproducttobasket/108057?t:ac=nouveautes">Ajouter au panier</a><a id="addProductToShoppingList_51" onclick="javascript:Tapestry.waitForPage(event);" title="Ajouter à ma liste" class="bt-produit-ajout-liste" href="http://www.refonte.auchandirect.fr/rayon.productgridorlist.productlist.thumbnailproduct.addproducttoshoppinglist/108057?t:ac=nouveautes">Ajouter à ma liste</a></div><div class="infos-produit-1"><div class="prix-actuel"><span>3.50€</span></div></div><div class="infos-produit-2"><a title="Voir le produit" href="../../surgel%25C3%25A9s/ap%25C3%25A9ritifs,-entr%25C3%25A9es,-snacks/moules-farcies/id1/472/108057.html"><h3>AUCHAN</h3><h4>Moules farcies</h4><h4></h4><p>
150 g
<br/>
23.33€/kg
</p></a></div><div class="mini_picto_bas"><img alt="frais" src="http://www.refonte.auchandirect.fr/static/images/frais_small.jpg"/></div></div></div></td><td><div class="bloc-produit nouveaute bientot-dispo"><div class="bloc-produit-content"><a title="Voir le produit" href="../../surgel%25C3%25A9s/pizzas,-tartes,-plats-cuisin%25C3%25A9s/poel%25C3%25A9e-de-saint-jacques-et-son-riz-basmati/id1/431964/29623.html"><img src="http://www.refonte.auchandirect.fr/static/images/products/line/29623.jpg" alt="" class="produit "/></a><div class="picto"><span class="invisible"></span></div><img alt="nouveauté" src="http://www.refonte.auchandirect.fr/static/images/ruban-nouveaute_small.png" class="ruban"/><div class="boutons-produit"><a class="bt-produit-ajout-panier disable" title="Bientôt disponible" href="javascript:void(0)">Bientôt disponible</a><a id="addProductToShoppingList_52" onclick="javascript:Tapestry.waitForPage(event);" title="Ajouter à ma liste" class="bt-produit-ajout-liste" href="http://www.refonte.auchandirect.fr/rayon.productgridorlist.productlist.thumbnailproduct.addproducttoshoppinglist/29623?t:ac=nouveautes">Ajouter à ma liste</a></div><div class="infos-produit-1"><div class="prix-actuel"><span>5.37€</span></div></div><div class="infos-produit-2"><a title="Voir le produit" href="../../surgel%25C3%25A9s/pizzas,-tartes,-plats-cuisin%25C3%25A9s/poel%25C3%25A9e-de-saint-jacques-et-son-riz-basmati/id1/431964/29623.html"><h3>AUCHAN MMM!</h3><h4>Poelée de Saint-Jacques et son riz basmati</h4><h4></h4><p>
600 g
<br/>
8.95€/kg
</p></a></div><div class="mini_picto_bas"><img alt="surgele" src="http://www.refonte.auchandirect.fr/static/images/surgele_small.jpg"/><img src="http://www.refonte.auchandirect.fr/static/images/Mmm_small.jpg"/></div></div></div></td><td><div class="bloc-produit nouveaute"><div class="bloc-produit-content"><a title="Voir le produit" href="../../surgel%25C3%25A9s/glaces,-patisseries,-viennoiseries/douceurs-glac%25C3%25A9es-aux-fruits-rouges/id1/471/105521.html"><img src="http://www.refonte.auchandirect.fr/static/images/products/line/105521.jpg" alt="" class="produit "/></a><div class="picto"><span class="invisible"></span></div><img alt="nouveauté" src="http://www.refonte.auchandirect.fr/static/images/ruban-nouveaute_small.png" class="ruban"/><div class="boutons-produit"><a id="addProductToBasket_31" onclick="javascript:Tapestry.waitForPage(event);" title="Ajouter au panier" class="bt-produit-ajout-panier" href="http://www.refonte.auchandirect.fr/rayon.productgridorlist.productlist.thumbnailproduct.addproducttobasket/105521?t:ac=nouveautes">Ajouter au panier</a><a id="addProductToShoppingList_53" onclick="javascript:Tapestry.waitForPage(event);" title="Ajouter à ma liste" class="bt-produit-ajout-liste" href="http://www.refonte.auchandirect.fr/rayon.productgridorlist.productlist.thumbnailproduct.addproducttoshoppinglist/105521?t:ac=nouveautes">Ajouter à ma liste</a></div><div class="infos-produit-1"><div class="prix-actuel"><span>3.25€</span></div></div><div class="infos-produit-2"><a title="Voir le produit" href="../../surgel%25C3%25A9s/glaces,-patisseries,-viennoiseries/douceurs-glac%25C3%25A9es-aux-fruits-rouges/id1/471/105521.html"><h3>AUCHAN MMM!</h3><h4>Douceurs glacées aux fruits rouges</h4><h4></h4><p>
x 2, 120 g
<br/>
27.08€/kg
</p></a></div><div class="mini_picto_bas"><img alt="surgele" src="http://www.refonte.auchandirect.fr/static/images/surgele_small.jpg"/><img src="http://www.refonte.auchandirect.fr/static/images/Mmm_small.jpg"/></div></div></div></td></tr><tr><td><div class="bloc-produit nouveaute"><div class="bloc-produit-content"><a title="Voir le produit" href="../../surgel%25C3%25A9s/glaces,-patisseries,-viennoiseries/douceurs-glac%25C3%25A9es-aux-deux-chocolats/id1/471/105522.html"><img src="http://www.refonte.auchandirect.fr/static/images/products/line/105522.jpg" alt="" class="produit "/></a><div class="picto"><span class="invisible"></span></div><img alt="nouveauté" src="http://www.refonte.auchandirect.fr/static/images/ruban-nouveaute_small.png" class="ruban"/><div class="boutons-produit"><a id="addProductToBasket_32" onclick="javascript:Tapestry.waitForPage(event);" title="Ajouter au panier" class="bt-produit-ajout-panier" href="http://www.refonte.auchandirect.fr/rayon.productgridorlist.productlist.thumbnailproduct.addproducttobasket/105522?t:ac=nouveautes">Ajouter au panier</a><a id="addProductToShoppingList_54" onclick="javascript:Tapestry.waitForPage(event);" title="Ajouter à ma liste" class="bt-produit-ajout-liste" href="http://www.refonte.auchandirect.fr/rayon.productgridorlist.productlist.thumbnailproduct.addproducttoshoppinglist/105522?t:ac=nouveautes">Ajouter à ma liste</a></div><div class="infos-produit-1"><div class="prix-actuel"><span>3.25€</span></div></div><div class="infos-produit-2"><a title="Voir le produit" href="../../surgel%25C3%25A9s/glaces,-patisseries,-viennoiseries/douceurs-glac%25C3%25A9es-aux-deux-chocolats/id1/471/105522.html"><h3>AUCHAN MMM!</h3><h4>Douceurs glacées aux deux chocolats</h4><h4></h4><p>
x 2, 120 g
<br/>
27.08€/kg
</p></a></div><div class="mini_picto_bas"><img alt="surgele" src="http://www.refonte.auchandirect.fr/static/images/surgele_small.jpg"/><img src="http://www.refonte.auchandirect.fr/static/images/Mmm_small.jpg"/></div></div></div></td><td><div class="bloc-produit nouveaute"><div class="bloc-produit-content"><a title="Voir le produit" href="../../surgel%25C3%25A9s/ap%25C3%25A9ritifs,-entr%25C3%25A9es,-snacks/mise-en-bouche-sal%25C3%25A9es/id1/472/92103.html"><img src="http://www.refonte.auchandirect.fr/static/images/products/line/92103.jpg" alt="" class="produit "/></a><div class="picto"><span class="invisible"></span></div><img alt="nouveauté" src="http://www.refonte.auchandirect.fr/static/images/ruban-nouveaute_small.png" class="ruban"/><div class="boutons-produit"><a id="addProductToBasket_33" onclick="javascript:Tapestry.waitForPage(event);" title="Ajouter au panier" class="bt-produit-ajout-panier" href="http://www.refonte.auchandirect.fr/rayon.productgridorlist.productlist.thumbnailproduct.addproducttobasket/92103?t:ac=nouveautes">Ajouter au panier</a><a id="addProductToShoppingList_55" onclick="javascript:Tapestry.waitForPage(event);" title="Ajouter à ma liste" class="bt-produit-ajout-liste" href="http://www.refonte.auchandirect.fr/rayon.productgridorlist.productlist.thumbnailproduct.addproducttoshoppinglist/92103?t:ac=nouveautes">Ajouter à ma liste</a></div><div class="infos-produit-1"><div class="prix-actuel"><span>6.20€</span></div></div><div class="infos-produit-2"><a title="Voir le produit" href="../../surgel%25C3%25A9s/ap%25C3%25A9ritifs,-entr%25C3%25A9es,-snacks/mise-en-bouche-sal%25C3%25A9es/id1/472/92103.html"><h3>AUCHAN MMM!</h3><h4>Mise en bouche salées</h4><h4></h4><p>
x 6, 210 g
<br/>
29.52€/kg
</p></a></div><div class="mini_picto_bas"><img alt="surgele" src="http://www.refonte.auchandirect.fr/static/images/surgele_small.jpg"/><img src="http://www.refonte.auchandirect.fr/static/images/Mmm_small.jpg"/></div></div></div></td><td><div class="bloc-produit nouveaute"><div class="bloc-produit-content"><a title="Voir le produit" href="../../surgel%25C3%25A9s/viandes,-produits-de-la-mer/coeurs-de-filets-de-cabillaud/id1/470/42067.html"><img src="http://www.refonte.auchandirect.fr/static/images/products/line/42067.jpg" alt="" class="produit "/></a><div class="picto"><span class="invisible"></span></div><img alt="nouveauté" src="http://www.refonte.auchandirect.fr/static/images/ruban-nouveaute_small.png" class="ruban"/><div class="boutons-produit"><a id="addProductToBasket_34" onclick="javascript:Tapestry.waitForPage(event);" title="Ajouter au panier" class="bt-produit-ajout-panier" href="http://www.refonte.auchandirect.fr/rayon.productgridorlist.productlist.thumbnailproduct.addproducttobasket/42067?t:ac=nouveautes">Ajouter au panier</a><a id="addProductToShoppingList_56" onclick="javascript:Tapestry.waitForPage(event);" title="Ajouter à ma liste" class="bt-produit-ajout-liste" href="http://www.refonte.auchandirect.fr/rayon.productgridorlist.productlist.thumbnailproduct.addproducttoshoppinglist/42067?t:ac=nouveautes">Ajouter à ma liste</a></div><div class="infos-produit-1"><div class="prix-actuel"><span>6.37€</span></div></div><div class="infos-produit-2"><a title="Voir le produit" href="../../surgel%25C3%25A9s/viandes,-produits-de-la-mer/coeurs-de-filets-de-cabillaud/id1/470/42067.html"><h3>COMPAGNIE DES PECHES DE SAINT</h3><h4>Coeurs de filets de Cabillaud</h4><h4></h4><p>
260 g
<br/>
24.50€/kg
</p></a></div><div class="mini_picto_bas"><img alt="surgele" src="http://www.refonte.auchandirect.fr/static/images/surgele_small.jpg"/></div></div></div></td></tr><tr><td><div class="bloc-produit nouveaute bientot-dispo"><div class="bloc-produit-content"><a title="Voir le produit" href="../../surgel%25C3%25A9s/pizzas,-tartes,-plats-cuisin%25C3%25A9s/pizza-ristorente/id1/431964/86713.html"><img src="http://www.refonte.auchandirect.fr/static/images/products/line/86713.jpg" alt="" class="produit "/></a><div class="picto"><span class="invisible"></span></div><img alt="nouveauté" src="http://www.refonte.auchandirect.fr/static/images/ruban-nouveaute_small.png" class="ruban"/><div class="boutons-produit"><a class="bt-produit-ajout-panier disable" title="Bientôt disponible" href="javascript:void(0)">Bientôt disponible</a><a id="addProductToShoppingList_57" onclick="javascript:Tapestry.waitForPage(event);" title="Ajouter à ma liste" class="bt-produit-ajout-liste" href="http://www.refonte.auchandirect.fr/rayon.productgridorlist.productlist.thumbnailproduct.addproducttoshoppinglist/86713?t:ac=nouveautes">Ajouter à ma liste</a></div><div class="infos-produit-1"><div class="prix-actuel"><span>2.71€</span></div></div><div class="infos-produit-2"><a title="Voir le produit" href="../../surgel%25C3%25A9s/pizzas,-tartes,-plats-cuisin%25C3%25A9s/pizza-ristorente/id1/431964/86713.html"><h3>DR OETKER</h3><h4>Pizza ristorente</h4><h4>Quattro formaggi</h4><p>
340 g
<br/>
7.97€/kg
</p></a></div><div class="mini_picto_bas"><img alt="surgele" src="http://www.refonte.auchandirect.fr/static/images/surgele_small.jpg"/></div></div></div></td><td><div class="bloc-produit nouveaute bientot-dispo"><div class="bloc-produit-content"><a title="Voir le produit" href="../../surgel%25C3%25A9s/glaces,-patisseries,-viennoiseries/myst%25C3%25A8re-vanille/id1/471/31932.html"><img src="http://www.refonte.auchandirect.fr/static/images/products/line/31932.jpg" alt="" class="produit "/></a><div class="picto"><span class="invisible"></span></div><img alt="nouveauté" src="http://www.refonte.auchandirect.fr/static/images/ruban-nouveaute_small.png" class="ruban"/><div class="boutons-produit"><a class="bt-produit-ajout-panier disable" title="Bientôt disponible" href="javascript:void(0)">Bientôt disponible</a><a id="addProductToShoppingList_58" onclick="javascript:Tapestry.waitForPage(event);" title="Ajouter à ma liste" class="bt-produit-ajout-liste" href="http://www.refonte.auchandirect.fr/rayon.productgridorlist.productlist.thumbnailproduct.addproducttoshoppinglist/31932?t:ac=nouveautes">Ajouter à ma liste</a></div><div class="infos-produit-1"><div class="prix-actuel"><span>3.53€</span></div></div><div class="infos-produit-2"><a title="Voir le produit" href="../../surgel%25C3%25A9s/glaces,-patisseries,-viennoiseries/myst%25C3%25A8re-vanille/id1/471/31932.html"><h3>EXTREME</h3><h4>Mystère vanille</h4><h4>Coeur meringue</h4><p>
4 x 130 ml
<br/>
6.79€/l
</p></a></div><div class="mini_picto_bas"><img alt="surgele" src="http://www.refonte.auchandirect.fr/static/images/surgele_small.jpg"/></div></div></div></td><td><div class="bloc-produit nouveaute"><div class="bloc-produit-content"><a title="Voir le produit" href="../../surgel%25C3%25A9s/viandes,-produits-de-la-mer/filet-de-colin-d'alaska-%25C3%25A0-l'oseille/id1/470/86369.html"><img src="http://www.refonte.auchandirect.fr/static/images/products/line/86369.jpg" alt="" class="produit "/></a><div class="picto"><span class="invisible"></span></div><img alt="nouveauté" src="http://www.refonte.auchandirect.fr/static/images/ruban-nouveaute_small.png" class="ruban"/><div class="boutons-produit"><a id="addProductToBasket_35" onclick="javascript:Tapestry.waitForPage(event);" title="Ajouter au panier" class="bt-produit-ajout-panier" href="http://www.refonte.auchandirect.fr/rayon.productgridorlist.productlist.thumbnailproduct.addproducttobasket/86369?t:ac=nouveautes">Ajouter au panier</a><a id="addProductToShoppingList_59" onclick="javascript:Tapestry.waitForPage(event);" title="Ajouter à ma liste" class="bt-produit-ajout-liste" href="http://www.refonte.auchandirect.fr/rayon.productgridorlist.productlist.thumbnailproduct.addproducttoshoppinglist/86369?t:ac=nouveautes">Ajouter à ma liste</a></div><div class="infos-produit-1"><div class="prix-actuel"><span>5.06€</span></div></div><div class="infos-produit-2"><a title="Voir le produit" href="../../surgel%25C3%25A9s/viandes,-produits-de-la-mer/filet-de-colin-d'alaska-%25C3%25A0-l'oseille/id1/470/86369.html"><h3>FINDUS</h3><h4>Filet de colin d'alaska à l'oseille</h4><h4></h4><p>
400 g
<br/>
12.65€/kg
</p></a></div><div class="mini_picto_bas"><img alt="surgele" src="http://www.refonte.auchandirect.fr/static/images/surgele_small.jpg"/></div></div></div></td></tr><tr><td><div class="bloc-produit nouveaute bientot-dispo"><div class="bloc-produit-content"><a title="Voir le produit" href="../../surgel%25C3%25A9s/viandes,-produits-de-la-mer/filet-de-colin-d'alaska-%25C3%25A0-la-marini%25C3%25A8re/id1/470/55470.html"><img src="http://www.refonte.auchandirect.fr/static/images/products/line/55470.jpg" alt="" class="produit "/></a><div class="picto"><span class="invisible"></span></div><img alt="nouveauté" src="http://www.refonte.auchandirect.fr/static/images/ruban-nouveaute_small.png" class="ruban"/><div class="boutons-produit"><a class="bt-produit-ajout-panier disable" title="Bientôt disponible" href="javascript:void(0)">Bientôt disponible</a><a id="addProductToShoppingList_60" onclick="javascript:Tapestry.waitForPage(event);" title="Ajouter à ma liste" class="bt-produit-ajout-liste" href="http://www.refonte.auchandirect.fr/rayon.productgridorlist.productlist.thumbnailproduct.addproducttoshoppinglist/55470?t:ac=nouveautes">Ajouter à ma liste</a></div><div class="infos-produit-1"><div class="prix-actuel"><span>4.96€</span></div></div><div class="infos-produit-2"><a title="Voir le produit" href="../../surgel%25C3%25A9s/viandes,-produits-de-la-mer/filet-de-colin-d'alaska-%25C3%25A0-la-marini%25C3%25A8re/id1/470/55470.html"><h3>FINDUS</h3><h4>Filet de colin d'alaska à la marinière</h4><h4></h4><p>
400 g
<br/>
12.40€/kg
</p></a></div><div class="mini_picto_bas"><img alt="surgele" src="http://www.refonte.auchandirect.fr/static/images/surgele_small.jpg"/></div></div></div></td><td><div class="bloc-produit nouveaute"><div class="bloc-produit-content"><a title="Voir le produit" href="../../surgel%25C3%25A9s/glaces,-patisseries,-viennoiseries/blanc/id1/471/97511.html"><img src="http://www.refonte.auchandirect.fr/static/images/products/line/97511.jpg" alt="" class="produit "/></a><div class="picto"><span class="invisible"></span></div><img alt="nouveauté" src="http://www.refonte.auchandirect.fr/static/images/ruban-nouveaute_small.png" class="ruban"/><div class="boutons-produit"><a id="addProductToBasket_36" onclick="javascript:Tapestry.waitForPage(event);" title="Ajouter au panier" class="bt-produit-ajout-panier" href="http://www.refonte.auchandirect.fr/rayon.productgridorlist.productlist.thumbnailproduct.addproducttobasket/97511?t:ac=nouveautes">Ajouter au panier</a><a id="addProductToShoppingList_61" onclick="javascript:Tapestry.waitForPage(event);" title="Ajouter à ma liste" class="bt-produit-ajout-liste" href="http://www.refonte.auchandirect.fr/rayon.productgridorlist.productlist.thumbnailproduct.addproducttoshoppinglist/97511?t:ac=nouveautes">Ajouter à ma liste</a></div><div class="infos-produit-1"><div class="prix-actuel"><span>6.23€</span></div></div><div class="infos-produit-2"><a title="Voir le produit" href="../../surgel%25C3%25A9s/glaces,-patisseries,-viennoiseries/blanc/id1/471/97511.html"><h3>MAGNUM</h3><h4>Blanc</h4><h4></h4><p>
8 x 110 ml
<br/>
70.80€/l
</p></a></div><div class="mini_picto_bas"><img alt="surgele" src="http://www.refonte.auchandirect.fr/static/images/surgele_small.jpg"/></div></div></div></td><td><div class="bloc-produit nouveaute bientot-dispo"><div class="bloc-produit-content"><a title="Voir le produit" href="../../surgel%25C3%25A9s/ap%25C3%25A9ritifs,-entr%25C3%25A9es,-snacks/bun's/id1/472/86290.html"><img src="http://www.refonte.auchandirect.fr/static/images/products/line/86290.jpg" alt="" class="produit "/></a><div class="picto"><span class="invisible"></span></div><img alt="nouveauté" src="http://www.refonte.auchandirect.fr/static/images/ruban-nouveaute_small.png" class="ruban"/><div class="boutons-produit"><a class="bt-produit-ajout-panier disable" title="Bientôt disponible" href="javascript:void(0)">Bientôt disponible</a><a id="addProductToShoppingList_62" onclick="javascript:Tapestry.waitForPage(event);" title="Ajouter à ma liste" class="bt-produit-ajout-liste" href="http://www.refonte.auchandirect.fr/rayon.productgridorlist.productlist.thumbnailproduct.addproducttoshoppinglist/86290?t:ac=nouveautes">Ajouter à ma liste</a></div><div class="infos-produit-1"><div class="prix-actuel"><span>3.54€</span></div></div><div class="infos-produit-2"><a title="Voir le produit" href="../../surgel%25C3%25A9s/ap%25C3%25A9ritifs,-entr%25C3%25A9es,-snacks/bun's/id1/472/86290.html"><h3>MC CAIN</h3><h4>Bun's</h4><h4>Raclette jambon crème fraiche</h4><p>
4 x 100 g
<br/>
8.85€/kg
</p></a></div><div class="mini_picto_bas"><img alt="surgele" src="http://www.refonte.auchandirect.fr/static/images/surgele_small.jpg"/></div></div></div></td></tr><tr><td><div class="bloc-produit nouveaute"><div class="bloc-produit-content"><a title="Voir le produit" href="../../surgel%25C3%25A9s/glaces,-patisseries,-viennoiseries/assortiment-de-10-glaces-surgel%25C3%25A9es/id1/471/55499.html"><img src="http://www.refonte.auchandirect.fr/static/images/products/line/55499.jpg" alt="" class="produit "/></a><div class="picto"><span class="invisible"></span></div><img alt="nouveauté" src="http://www.refonte.auchandirect.fr/static/images/ruban-nouveaute_small.png" class="ruban"/><div class="boutons-produit"><a id="addProductToBasket_37" onclick="javascript:Tapestry.waitForPage(event);" title="Ajouter au panier" class="bt-produit-ajout-panier" href="http://www.refonte.auchandirect.fr/rayon.productgridorlist.productlist.thumbnailproduct.addproducttobasket/55499?t:ac=nouveautes">Ajouter au panier</a><a id="addProductToShoppingList_63" onclick="javascript:Tapestry.waitForPage(event);" title="Ajouter à ma liste" class="bt-produit-ajout-liste" href="http://www.refonte.auchandirect.fr/rayon.productgridorlist.productlist.thumbnailproduct.addproducttoshoppinglist/55499?t:ac=nouveautes">Ajouter à ma liste</a></div><div class="infos-produit-1"><div class="prix-actuel"><span>4.01€</span></div></div><div class="infos-produit-2"><a title="Voir le produit" href="../../surgel%25C3%25A9s/glaces,-patisseries,-viennoiseries/assortiment-de-10-glaces-surgel%25C3%25A9es/id1/471/55499.html"><h3>RIK &amp; ROK</h3><h4>Assortiment de 10 glaces surgelées</h4><h4>Circus</h4><p>
550 ml
<br/>
7.29€/l
</p></a></div><div class="mini_picto_bas"><img alt="surgele" src="http://www.refonte.auchandirect.fr/static/images/surgele_small.jpg"/><img src="http://www.refonte.auchandirect.fr/static/images/rikrok_small.jpg"/></div></div></div></td><td><div class="bloc-produit nouveaute bientot-dispo"><div class="bloc-produit-content"><a title="Voir le produit" href="../../surgel%25C3%25A9s/pizzas,-tartes,-plats-cuisin%25C3%25A9s/tagliatelles-tomat%25C3%25A9es-aux-petites-noix-de-saint-jacques/id1/431964/3426.html"><img src="http://www.refonte.auchandirect.fr/static/images/products/line/3426.jpg" alt="" class="produit "/></a><div class="picto"><span class="invisible"></span></div><img alt="nouveauté" src="http://www.refonte.auchandirect.fr/static/images/ruban-nouveaute_small.png" class="ruban"/><div class="boutons-produit"><a class="bt-produit-ajout-panier disable" title="Bientôt disponible" href="javascript:void(0)">Bientôt disponible</a><a id="addProductToShoppingList_64" onclick="javascript:Tapestry.waitForPage(event);" title="Ajouter à ma liste" class="bt-produit-ajout-liste" href="http://www.refonte.auchandirect.fr/rayon.productgridorlist.productlist.thumbnailproduct.addproducttoshoppinglist/3426?t:ac=nouveautes">Ajouter à ma liste</a></div><div class="infos-produit-1"><div class="prix-actuel"><span>3.90€</span></div></div><div class="infos-produit-2"><a title="Voir le produit" href="../../surgel%25C3%25A9s/pizzas,-tartes,-plats-cuisin%25C3%25A9s/tagliatelles-tomat%25C3%25A9es-aux-petites-noix-de-saint-jacques/id1/431964/3426.html"><h3>WEIGHT WATCHERS</h3><h4>Tagliatelles tomatées aux petites noix de Saint-Jacques</h4><h4></h4><p>
380 g
<br/>
10.26€/kg
</p></a></div><div class="mini_picto_bas"><img alt="surgele" src="http://www.refonte.auchandirect.fr/static/images/surgele_small.jpg"/></div></div></div></td><td><div class="bloc-produit nouveaute"><div class="bloc-produit-content"><a title="Voir le produit" href="../../surgel%25C3%25A9s/pizzas,-tartes,-plats-cuisin%25C3%25A9s/raviolis-saumon/id1/431964/88297.html"><img src="http://www.refonte.auchandirect.fr/static/images/products/line/88297.jpg" alt="" class="produit "/></a><div class="picto"><span class="invisible"></span></div><img alt="nouveauté" src="http://www.refonte.auchandirect.fr/static/images/ruban-nouveaute_small.png" class="ruban"/><div class="boutons-produit"><a id="addProductToBasket_38" onclick="javascript:Tapestry.waitForPage(event);" title="Ajouter au panier" class="bt-produit-ajout-panier" href="http://www.refonte.auchandirect.fr/rayon.productgridorlist.productlist.thumbnailproduct.addproducttobasket/88297?t:ac=nouveautes">Ajouter au panier</a><a id="addProductToShoppingList_65" onclick="javascript:Tapestry.waitForPage(event);" title="Ajouter à ma liste" class="bt-produit-ajout-liste" href="http://www.refonte.auchandirect.fr/rayon.productgridorlist.productlist.thumbnailproduct.addproducttoshoppinglist/88297?t:ac=nouveautes">Ajouter à ma liste</a></div><div class="infos-produit-1"><div class="prix-actuel"><span>2.99€</span></div></div><div class="infos-produit-2"><a title="Voir le produit" href="../../surgel%25C3%25A9s/pizzas,-tartes,-plats-cuisin%25C3%25A9s/raviolis-saumon/id1/431964/88297.html"><h3>WEIGHT WATCHERS</h3><h4>Raviolis saumon</h4><h4>Sauce aneth</h4><p>
280 g
<br/>
10.68€/kg
</p></a></div><div class="mini_picto_bas"><img alt="surgele" src="http://www.refonte.auchandirect.fr/static/images/surgele_small.jpg"/></div></div></div></td></tr><tr><td></td><td></td><td></td></tr></table><div class="pro-ecolo"><h1>Epicerie Salée</h1></div><table><tr><td><div class="bloc-produit nouveaute"><div class="bloc-produit-content"><a title="Voir le produit" href="../../epicerie-sal%25C3%25A9e/sauces,-condiments/ketchup-top/id1/482/94655.html"><img src="http://www.refonte.auchandirect.fr/static/images/products/line/94655.jpg" alt="" class="produit "/></a><div class="picto"><span class="invisible"></span></div><img alt="nouveauté" src="http://www.refonte.auchandirect.fr/static/images/ruban-nouveaute_small.png" class="ruban"/><div class="boutons-produit"><a id="addProductToBasket_39" onclick="javascript:Tapestry.waitForPage(event);" title="Ajouter au panier" class="bt-produit-ajout-panier" href="http://www.refonte.auchandirect.fr/rayon.productgridorlist.productlist.thumbnailproduct.addproducttobasket/94655?t:ac=nouveautes">Ajouter au panier</a><a id="addProductToShoppingList_66" onclick="javascript:Tapestry.waitForPage(event);" title="Ajouter à ma liste" class="bt-produit-ajout-liste" href="http://www.refonte.auchandirect.fr/rayon.productgridorlist.productlist.thumbnailproduct.addproducttoshoppinglist/94655?t:ac=nouveautes">Ajouter à ma liste</a></div><div class="infos-produit-1"><div class="prix-actuel"><span>2.48€</span></div></div><div class="infos-produit-2"><a title="Voir le produit" href="../../epicerie-sal%25C3%25A9e/sauces,-condiments/ketchup-top/id1/482/94655.html"><h3>AMORA</h3><h4>Ketchup top</h4><h4></h4><p>
575 g
<br/>
4.31€/kg
</p></a></div><div class="mini_picto_bas"></div></div></div></td><td><div class="bloc-produit nouveaute bientot-dispo"><div class="bloc-produit-content"><a title="Voir le produit" href="../../epicerie-sal%25C3%25A9e/conserves,-plats-cuisin%25C3%25A9s/lentilles-pr%25C3%25A9par%25C3%25A9es/id1/479/17664.html"><img src="http://www.refonte.auchandirect.fr/static/images/products/line/17664.jpg" alt="" class="produit "/></a><div class="picto"><span class="invisible"></span></div><img alt="nouveauté" src="http://www.refonte.auchandirect.fr/static/images/ruban-nouveaute_small.png" class="ruban"/><div class="boutons-produit"><a class="bt-produit-ajout-panier disable" title="Bientôt disponible" href="javascript:void(0)">Bientôt disponible</a><a id="addProductToShoppingList_67" onclick="javascript:Tapestry.waitForPage(event);" title="Ajouter à ma liste" class="bt-produit-ajout-liste" href="http://www.refonte.auchandirect.fr/rayon.productgridorlist.productlist.thumbnailproduct.addproducttoshoppinglist/17664?t:ac=nouveautes">Ajouter à ma liste</a></div><div class="infos-produit-1"><div class="prix-actuel"><span>0.55€</span></div></div><div class="infos-produit-2"><a title="Voir le produit" href="../../epicerie-sal%25C3%25A9e/conserves,-plats-cuisin%25C3%25A9s/lentilles-pr%25C3%25A9par%25C3%25A9es/id1/479/17664.html"><h3>AUCHAN</h3><h4>Lentilles préparées</h4><h4></h4><p>
265 g
<br/>
2.08€/kg
</p></a></div><div class="mini_picto_bas"></div></div></div></td><td><div class="bloc-produit nouveaute"><div class="bloc-produit-content"><a title="Voir le produit" href="../../epicerie-sal%25C3%25A9e/conserves,-plats-cuisin%25C3%25A9s/asperges-blanches/id1/479/41216.html"><img src="http://www.refonte.auchandirect.fr/static/images/products/line/41216.jpg" alt="" class="produit "/></a><div class="picto"><span class="invisible"></span></div><img alt="nouveauté" src="http://www.refonte.auchandirect.fr/static/images/ruban-nouveaute_small.png" class="ruban"/><div class="boutons-produit"><a id="addProductToBasket_40" onclick="javascript:Tapestry.waitForPage(event);" title="Ajouter au panier" class="bt-produit-ajout-panier" href="http://www.refonte.auchandirect.fr/rayon.productgridorlist.productlist.thumbnailproduct.addproducttobasket/41216?t:ac=nouveautes">Ajouter au panier</a><a id="addProductToShoppingList_68" onclick="javascript:Tapestry.waitForPage(event);" title="Ajouter à ma liste" class="bt-produit-ajout-liste" href="http://www.refonte.auchandirect.fr/rayon.productgridorlist.productlist.thumbnailproduct.addproducttoshoppinglist/41216?t:ac=nouveautes">Ajouter à ma liste</a></div><div class="infos-produit-1"><div class="prix-actuel"><span>4.03€</span></div></div><div class="infos-produit-2"><a title="Voir le produit" href="../../epicerie-sal%25C3%25A9e/conserves,-plats-cuisin%25C3%25A9s/asperges-blanches/id1/479/41216.html"><h3>AUCHAN</h3><h4>Asperges blanches</h4><h4>Pic Nic</h4><p>
3 x 21 cl
<br/>
6.40€/l
</p></a></div><div class="mini_picto_bas"></div></div></div></td></tr><tr><td><div class="bloc-produit nouveaute"><div class="bloc-produit-content"><a title="Voir le produit" href="../../epicerie-sal%25C3%25A9e/potages-et-soupes/soupe-oseille-st-jacques/id1/481/103327.html"><img src="http://www.refonte.auchandirect.fr/static/images/products/line/103327.jpg" alt="" class="produit "/></a><div class="picto"><span class="invisible"></span></div><img alt="nouveauté" src="http://www.refonte.auchandirect.fr/static/images/ruban-nouveaute_small.png" class="ruban"/><div class="boutons-produit"><a id="addProductToBasket_41" onclick="javascript:Tapestry.waitForPage(event);" title="Ajouter au panier" class="bt-produit-ajout-panier" href="http://www.refonte.auchandirect.fr/rayon.productgridorlist.productlist.thumbnailproduct.addproducttobasket/103327?t:ac=nouveautes">Ajouter au panier</a><a id="addProductToShoppingList_69" onclick="javascript:Tapestry.waitForPage(event);" title="Ajouter à ma liste" class="bt-produit-ajout-liste" href="http://www.refonte.auchandirect.fr/rayon.productgridorlist.productlist.thumbnailproduct.addproducttoshoppinglist/103327?t:ac=nouveautes">Ajouter à ma liste</a></div><div class="infos-produit-1"><div class="prix-actuel"><span>3.92€</span></div></div><div class="infos-produit-2"><a title="Voir le produit" href="../../epicerie-sal%25C3%25A9e/potages-et-soupes/soupe-oseille-st-jacques/id1/481/103327.html"><h3>KNORR</h3><h4>Soupe Oseille St Jacques</h4><h4>Moments Gourmets</h4><p>
1 l
<br/>
3.92€/l
</p></a></div><div class="mini_picto_bas"></div></div></div></td><td><div class="bloc-produit nouveaute"><div class="bloc-produit-content"><a title="Voir le produit" href="../../epicerie-sal%25C3%25A9e/potages-et-soupes/d%25C3%25A9lice-de-potiron-saveur-truffe-et-touche-de-noisette/id1/481/103326.html"><img src="http://www.refonte.auchandirect.fr/static/images/products/line/103326.jpg" alt="" class="produit "/></a><div class="picto"><span class="invisible"></span></div><img alt="nouveauté" src="http://www.refonte.auchandirect.fr/static/images/ruban-nouveaute_small.png" class="ruban"/><div class="boutons-produit"><a id="addProductToBasket_42" onclick="javascript:Tapestry.waitForPage(event);" title="Ajouter au panier" class="bt-produit-ajout-panier" href="http://www.refonte.auchandirect.fr/rayon.productgridorlist.productlist.thumbnailproduct.addproducttobasket/103326?t:ac=nouveautes">Ajouter au panier</a><a id="addProductToShoppingList_70" onclick="javascript:Tapestry.waitForPage(event);" title="Ajouter à ma liste" class="bt-produit-ajout-liste" href="http://www.refonte.auchandirect.fr/rayon.productgridorlist.productlist.thumbnailproduct.addproducttoshoppinglist/103326?t:ac=nouveautes">Ajouter à ma liste</a></div><div class="infos-produit-1"><div class="prix-actuel"><span>3.92€</span></div></div><div class="infos-produit-2"><a title="Voir le produit" href="../../epicerie-sal%25C3%25A9e/potages-et-soupes/d%25C3%25A9lice-de-potiron-saveur-truffe-et-touche-de-noisette/id1/481/103326.html"><h3>KNORR</h3><h4>Délice de potiron saveur truffe et touche de noisette</h4><h4>Moments Gourmets</h4><p>
1 l
<br/>
3.92€/l
</p></a></div><div class="mini_picto_bas"></div></div></div></td><td><div class="bloc-produit nouveaute bientot-dispo"><div class="bloc-produit-content"><a title="Voir le produit" href="../../epicerie-sal%25C3%25A9e/potages-et-soupes/velout%25C3%25A9-de-potiron-aux-chanterelles-et-patate-douce/id1/481/103333.html"><img src="http://www.refonte.auchandirect.fr/static/images/products/line/103333.jpg" alt="" class="produit "/></a><div class="picto"><span class="invisible"></span></div><img alt="nouveauté" src="http://www.refonte.auchandirect.fr/static/images/ruban-nouveaute_small.png" class="ruban"/><div class="boutons-produit"><a class="bt-produit-ajout-panier disable" title="Bientôt disponible" href="javascript:void(0)">Bientôt disponible</a><a id="addProductToShoppingList_71" onclick="javascript:Tapestry.waitForPage(event);" title="Ajouter à ma liste" class="bt-produit-ajout-liste" href="http://www.refonte.auchandirect.fr/rayon.productgridorlist.productlist.thumbnailproduct.addproducttoshoppinglist/103333?t:ac=nouveautes">Ajouter à ma liste</a></div><div class="infos-produit-1"><div class="prix-actuel"><span>3.91€</span></div></div><div class="infos-produit-2"><a title="Voir le produit" href="../../epicerie-sal%25C3%25A9e/potages-et-soupes/velout%25C3%25A9-de-potiron-aux-chanterelles-et-patate-douce/id1/481/103333.html"><h3>KNORR</h3><h4>Velouté de potiron aux chanterelles et patate douce</h4><h4>Moments Gourmets</h4><p>

<br/>
37.24€/l
</p></a></div><div class="mini_picto_bas"></div></div></div></td></tr><tr><td><div class="bloc-produit nouveaute bientot-dispo"><div class="bloc-produit-content"><a title="Voir le produit" href="../../epicerie-sal%25C3%25A9e/sauces,-condiments/bouquet-garni/id1/482/103821.html"><img src="http://www.refonte.auchandirect.fr/static/images/products/line/103821.jpg" alt="" class="produit "/></a><div class="picto"><span class="invisible"></span></div><img alt="nouveauté" src="http://www.refonte.auchandirect.fr/static/images/ruban-nouveaute_small.png" class="ruban"/><div class="boutons-produit"><a class="bt-produit-ajout-panier disable" title="Bientôt disponible" href="javascript:void(0)">Bientôt disponible</a><a id="addProductToShoppingList_72" onclick="javascript:Tapestry.waitForPage(event);" title="Ajouter à ma liste" class="bt-produit-ajout-liste" href="http://www.refonte.auchandirect.fr/rayon.productgridorlist.productlist.thumbnailproduct.addproducttoshoppinglist/103821?t:ac=nouveautes">Ajouter à ma liste</a></div><div class="infos-produit-1"><div class="prix-actuel"><span>2.16€</span></div></div><div class="infos-produit-2"><a title="Voir le produit" href="../../epicerie-sal%25C3%25A9e/sauces,-condiments/bouquet-garni/id1/482/103821.html"><h3>KNORR</h3><h4>Bouquet garni</h4><h4></h4><p>
170 g
<br/>
12.71€/kg
</p></a></div><div class="mini_picto_bas"></div></div></div></td><td></td><td></td></tr></table><div class="pro-ecolo"><h1>Petit-Déjeuner Epicerie Sucrée</h1></div><table><tr><td><div class="bloc-produit nouveaute bientot-dispo"><div class="bloc-produit-content"><a title="Voir le produit" href="../../petit-d%25C3%25A9jeuner-epicerie-sucr%25C3%25A9e/desserts,-ingr%25C3%25A9dients/ananas-tranch%25C3%25A9-au-jus-d'ananas/id1/486/5194.html"><img src="http://www.refonte.auchandirect.fr/static/images/products/line/5194.jpg" alt="" class="produit "/></a><div class="picto"><span class="invisible"></span></div><img alt="nouveauté" src="http://www.refonte.auchandirect.fr/static/images/ruban-nouveaute_small.png" class="ruban"/><div class="boutons-produit"><a class="bt-produit-ajout-panier disable" title="Bientôt disponible" href="javascript:void(0)">Bientôt disponible</a><a id="addProductToShoppingList_73" onclick="javascript:Tapestry.waitForPage(event);" title="Ajouter à ma liste" class="bt-produit-ajout-liste" href="http://www.refonte.auchandirect.fr/rayon.productgridorlist.productlist.thumbnailproduct.addproducttoshoppinglist/5194?t:ac=nouveautes">Ajouter à ma liste</a></div><div class="infos-produit-1"><div class="prix-actuel"><span>1.60€</span></div></div><div class="infos-produit-2"><a title="Voir le produit" href="../../petit-d%25C3%25A9jeuner-epicerie-sucr%25C3%25A9e/desserts,-ingr%25C3%25A9dients/ananas-tranch%25C3%25A9-au-jus-d'ananas/id1/486/5194.html"><h3>AUCHAN</h3><h4>Ananas tranché au jus d'ananas</h4><h4>Ananas</h4><p>
567 g
<br/>
2.82€/kg
</p></a></div><div class="mini_picto_bas"></div></div></div></td><td><div class="bloc-produit nouveaute bientot-dispo"><div class="bloc-produit-content"><a title="Voir le produit" href="../../petit-d%25C3%25A9jeuner-epicerie-sucr%25C3%25A9e/desserts,-ingr%25C3%25A9dients/ananas-en-morceaux-au-sirop/id1/486/37949.html"><img src="http://www.refonte.auchandirect.fr/static/images/products/line/37949.jpg" alt="" class="produit "/></a><div class="picto"><span class="invisible"></span></div><img alt="nouveauté" src="http://www.refonte.auchandirect.fr/static/images/ruban-nouveaute_small.png" class="ruban"/><div class="boutons-produit"><a class="bt-produit-ajout-panier disable" title="Bientôt disponible" href="javascript:void(0)">Bientôt disponible</a><a id="addProductToShoppingList_74" onclick="javascript:Tapestry.waitForPage(event);" title="Ajouter à ma liste" class="bt-produit-ajout-liste" href="http://www.refonte.auchandirect.fr/rayon.productgridorlist.productlist.thumbnailproduct.addproducttoshoppinglist/37949?t:ac=nouveautes">Ajouter à ma liste</a></div><div class="infos-produit-1"><div class="prix-actuel"><span>1.48€</span></div></div><div class="infos-produit-2"><a title="Voir le produit" href="../../petit-d%25C3%25A9jeuner-epicerie-sucr%25C3%25A9e/desserts,-ingr%25C3%25A9dients/ananas-en-morceaux-au-sirop/id1/486/37949.html"><h3>AUCHAN</h3><h4>Ananas en morceaux au sirop</h4><h4></h4><p>
340 g
<br/>
4.35€/kg
</p></a></div><div class="mini_picto_bas"></div></div></div></td><td><div class="bloc-produit nouveaute bientot-dispo"><div class="bloc-produit-content"><a title="Voir le produit" href="../../petit-d%25C3%25A9jeuner-epicerie-sucr%25C3%25A9e/petit-d%25C3%25A9jeuner/filtres-caf%25C3%25A9-n%25C2%25B02-x-40/id1/484/72336.html"><img src="http://www.refonte.auchandirect.fr/static/images/products/line/72336.jpg" alt="" class="produit "/></a><div class="picto"><span class="invisible"></span></div><img alt="nouveauté" src="http://www.refonte.auchandirect.fr/static/images/ruban-nouveaute_small.png" class="ruban"/><div class="boutons-produit"><a class="bt-produit-ajout-panier disable" title="Bientôt disponible" href="javascript:void(0)">Bientôt disponible</a><a id="addProductToShoppingList_75" onclick="javascript:Tapestry.waitForPage(event);" title="Ajouter à ma liste" class="bt-produit-ajout-liste" href="http://www.refonte.auchandirect.fr/rayon.productgridorlist.productlist.thumbnailproduct.addproducttoshoppinglist/72336?t:ac=nouveautes">Ajouter à ma liste</a></div><div class="infos-produit-1"><div class="prix-actuel"><span>0.41€</span></div></div><div class="infos-produit-2"><a title="Voir le produit" href="../../petit-d%25C3%25A9jeuner-epicerie-sucr%25C3%25A9e/petit-d%25C3%25A9jeuner/filtres-caf%25C3%25A9-n%25C2%25B02-x-40/id1/484/72336.html"><h3>AUCHAN</h3><h4>Filtres café n°2 x 40</h4><h4></h4><p>
1
<br/>
0.41€/pièce
</p></a></div><div class="mini_picto_bas"></div></div></div></td></tr><tr><td><div class="bloc-produit nouveaute"><div class="bloc-produit-content"><a title="Voir le produit" href="../../petit-d%25C3%25A9jeuner-epicerie-sucr%25C3%25A9e/desserts,-ingr%25C3%25A9dients/oreillons-d'abricots-au-sirop/id1/486/92856.html"><img src="http://www.refonte.auchandirect.fr/static/images/products/line/92856.jpg" alt="" class="produit "/></a><div class="picto"><span class="invisible"></span></div><img alt="nouveauté" src="http://www.refonte.auchandirect.fr/static/images/ruban-nouveaute_small.png" class="ruban"/><div class="boutons-produit"><a id="addProductToBasket_43" onclick="javascript:Tapestry.waitForPage(event);" title="Ajouter au panier" class="bt-produit-ajout-panier" href="http://www.refonte.auchandirect.fr/rayon.productgridorlist.productlist.thumbnailproduct.addproducttobasket/92856?t:ac=nouveautes">Ajouter au panier</a><a id="addProductToShoppingList_76" onclick="javascript:Tapestry.waitForPage(event);" title="Ajouter à ma liste" class="bt-produit-ajout-liste" href="http://www.refonte.auchandirect.fr/rayon.productgridorlist.productlist.thumbnailproduct.addproducttoshoppinglist/92856?t:ac=nouveautes">Ajouter à ma liste</a></div><div class="infos-produit-1"><div class="prix-actuel"><span>1.25€</span></div></div><div class="infos-produit-2"><a title="Voir le produit" href="../../petit-d%25C3%25A9jeuner-epicerie-sucr%25C3%25A9e/desserts,-ingr%25C3%25A9dients/oreillons-d'abricots-au-sirop/id1/486/92856.html"><h3>AUCHAN</h3><h4>Oreillons d'abricots au sirop</h4><h4></h4><p>
235 g
<br/>
5.32€/kg
</p></a></div><div class="mini_picto_bas"></div></div></div></td><td><div class="bloc-produit nouveaute"><div class="bloc-produit-content"><a title="Voir le produit" href="../../petit-d%25C3%25A9jeuner-epicerie-sucr%25C3%25A9e/biscuits,-go%25C3%25BBters/tartelettes/id1/483/106806.html"><img src="http://www.refonte.auchandirect.fr/static/images/products/line/106806.jpg" alt="" class="produit "/></a><div class="picto"><span class="invisible"></span></div><img alt="nouveauté" src="http://www.refonte.auchandirect.fr/static/images/ruban-nouveaute_small.png" class="ruban"/><div class="boutons-produit"><a id="addProductToBasket_44" onclick="javascript:Tapestry.waitForPage(event);" title="Ajouter au panier" class="bt-produit-ajout-panier" href="http://www.refonte.auchandirect.fr/rayon.productgridorlist.productlist.thumbnailproduct.addproducttobasket/106806?t:ac=nouveautes">Ajouter au panier</a><a id="addProductToShoppingList_77" onclick="javascript:Tapestry.waitForPage(event);" title="Ajouter à ma liste" class="bt-produit-ajout-liste" href="http://www.refonte.auchandirect.fr/rayon.productgridorlist.productlist.thumbnailproduct.addproducttoshoppinglist/106806?t:ac=nouveautes">Ajouter à ma liste</a></div><div class="infos-produit-1"><div class="prix-actuel"><span>1.12€</span></div></div><div class="infos-produit-2"><a title="Voir le produit" href="../../petit-d%25C3%25A9jeuner-epicerie-sucr%25C3%25A9e/biscuits,-go%25C3%25BBters/tartelettes/id1/483/106806.html"><h3>AUCHAN</h3><h4>Tartelettes</h4><h4>Chocolat noisette</h4><p>
127 g
<br/>
8.82€/kg
</p></a></div><div class="mini_picto_bas"></div></div></div></td><td><div class="bloc-produit nouveaute bientot-dispo"><div class="bloc-produit-content"><a title="Voir le produit" href="../../petit-d%25C3%25A9jeuner-epicerie-sucr%25C3%25A9e/petit-d%25C3%25A9jeuner/pain-d'%25C3%25A9pices/id1/484/106857.html"><img src="http://www.refonte.auchandirect.fr/static/images/products/line/106857.jpg" alt="" class="produit "/></a><div class="picto"><span class="invisible"></span></div><img alt="nouveauté" src="http://www.refonte.auchandirect.fr/static/images/ruban-nouveaute_small.png" class="ruban"/><div class="boutons-produit"><a class="bt-produit-ajout-panier disable" title="Bientôt disponible" href="javascript:void(0)">Bientôt disponible</a><a id="addProductToShoppingList_78" onclick="javascript:Tapestry.waitForPage(event);" title="Ajouter à ma liste" class="bt-produit-ajout-liste" href="http://www.refonte.auchandirect.fr/rayon.productgridorlist.productlist.thumbnailproduct.addproducttoshoppinglist/106857?t:ac=nouveautes">Ajouter à ma liste</a></div><div class="infos-produit-1"><div class="prix-actuel"><span>3.29€</span></div></div><div class="infos-produit-2"><a title="Voir le produit" href="../../petit-d%25C3%25A9jeuner-epicerie-sucr%25C3%25A9e/petit-d%25C3%25A9jeuner/pain-d'%25C3%25A9pices/id1/484/106857.html"><h3>JACQUET</h3><h4>Pain d'épices</h4><h4></h4><p>
350 g
<br/>
9.40€/kg
</p></a></div><div class="mini_picto_bas"><img alt="frais" src="http://www.refonte.auchandirect.fr/static/images/frais_small.jpg"/><img src="http://www.refonte.auchandirect.fr/static/images/DLC-garantie-2j_small.jpg"/></div></div></div></td></tr><tr><td><div class="bloc-produit nouveaute"><div class="bloc-produit-content"><a title="Voir le produit" href="../../petit-d%25C3%25A9jeuner-epicerie-sucr%25C3%25A9e/biscuits,-go%25C3%25BBters/biscuits-aux-chocolat/id1/483/70168.html"><img src="http://www.refonte.auchandirect.fr/static/images/products/line/70168.jpg" alt="" class="produit "/></a><div class="picto"><span class="invisible"></span></div><img alt="nouveauté" src="http://www.refonte.auchandirect.fr/static/images/ruban-nouveaute_small.png" class="ruban"/><div class="boutons-produit"><a id="addProductToBasket_45" onclick="javascript:Tapestry.waitForPage(event);" title="Ajouter au panier" class="bt-produit-ajout-panier" href="http://www.refonte.auchandirect.fr/rayon.productgridorlist.productlist.thumbnailproduct.addproducttobasket/70168?t:ac=nouveautes">Ajouter au panier</a><a id="addProductToShoppingList_79" onclick="javascript:Tapestry.waitForPage(event);" title="Ajouter à ma liste" class="bt-produit-ajout-liste" href="http://www.refonte.auchandirect.fr/rayon.productgridorlist.productlist.thumbnailproduct.addproducttoshoppinglist/70168?t:ac=nouveautes">Ajouter à ma liste</a></div><div class="infos-produit-1"><div class="prix-actuel"><span>2.49€</span></div></div><div class="infos-produit-2"><a title="Voir le produit" href="../../petit-d%25C3%25A9jeuner-epicerie-sucr%25C3%25A9e/biscuits,-go%25C3%25BBters/biscuits-aux-chocolat/id1/483/70168.html"><h3>LU</h3><h4>Biscuits aux chocolat</h4><h4>REM</h4><p>
3 x 125 g
<br/>
6.64€/kg
</p></a></div><div class="mini_picto_bas"></div></div></div></td><td><div class="bloc-produit nouveaute"><div class="bloc-produit-content"><a title="Voir le produit" href="../../petit-d%25C3%25A9jeuner-epicerie-sucr%25C3%25A9e/biscuits,-go%25C3%25BBters/sabl%25C3%25A9s-anglais/id1/483/70478.html"><img src="http://www.refonte.auchandirect.fr/static/images/products/line/70478.jpg" alt="" class="produit "/></a><div class="picto"><span class="invisible"></span></div><img alt="nouveauté" src="http://www.refonte.auchandirect.fr/static/images/ruban-nouveaute_small.png" class="ruban"/><div class="boutons-produit"><a id="addProductToBasket_46" onclick="javascript:Tapestry.waitForPage(event);" title="Ajouter au panier" class="bt-produit-ajout-panier" href="http://www.refonte.auchandirect.fr/rayon.productgridorlist.productlist.thumbnailproduct.addproducttobasket/70478?t:ac=nouveautes">Ajouter au panier</a><a id="addProductToShoppingList_80" onclick="javascript:Tapestry.waitForPage(event);" title="Ajouter à ma liste" class="bt-produit-ajout-liste" href="http://www.refonte.auchandirect.fr/rayon.productgridorlist.productlist.thumbnailproduct.addproducttoshoppinglist/70478?t:ac=nouveautes">Ajouter à ma liste</a></div><div class="infos-produit-1"><div class="prix-actuel"><span>1.89€</span></div></div><div class="infos-produit-2"><a title="Voir le produit" href="../../petit-d%25C3%25A9jeuner-epicerie-sucr%25C3%25A9e/biscuits,-go%25C3%25BBters/sabl%25C3%25A9s-anglais/id1/483/70478.html"><h3>MC VITIE'S</h3><h4>Sablés anglais</h4><h4>Chocolat</h4><p>
400 g
<br/>
4.73€/kg
</p></a></div><div class="mini_picto_bas"></div></div></div></td><td><div class="bloc-produit nouveaute"><div class="bloc-produit-content"><a title="Voir le produit" href="../../petit-d%25C3%25A9jeuner-epicerie-sucr%25C3%25A9e/desserts,-ingr%25C3%25A9dients/sucre-en-poudre/id1/486/89169.html"><img src="http://www.refonte.auchandirect.fr/static/images/products/line/89169.jpg" alt="" class="produit "/></a><div class="picto"><span class="invisible"></span></div><img alt="nouveauté" src="http://www.refonte.auchandirect.fr/static/images/ruban-nouveaute_small.png" class="ruban"/><div class="boutons-produit"><a id="addProductToBasket_47" onclick="javascript:Tapestry.waitForPage(event);" title="Ajouter au panier" class="bt-produit-ajout-panier" href="http://www.refonte.auchandirect.fr/rayon.productgridorlist.productlist.thumbnailproduct.addproducttobasket/89169?t:ac=nouveautes">Ajouter au panier</a><a id="addProductToShoppingList_81" onclick="javascript:Tapestry.waitForPage(event);" title="Ajouter à ma liste" class="bt-produit-ajout-liste" href="http://www.refonte.auchandirect.fr/rayon.productgridorlist.productlist.thumbnailproduct.addproducttoshoppinglist/89169?t:ac=nouveautes">Ajouter à ma liste</a></div><div class="infos-produit-1"><div class="prix-actuel"><span>1.05€</span></div></div><div class="infos-produit-2"><a title="Voir le produit" href="../../petit-d%25C3%25A9jeuner-epicerie-sucr%25C3%25A9e/desserts,-ingr%25C3%25A9dients/sucre-en-poudre/id1/486/89169.html"><h3>POUCE</h3><h4>Sucre en poudre</h4><h4></h4><p>
1 kg
<br/>
1.05€/kg
</p></a></div><div class="mini_picto_bas"><img alt="marque-pouce" src="http://www.refonte.auchandirect.fr/static/images/marque-pouce_small.jpg"/></div></div></div></td></tr><tr><td><div class="bloc-produit nouveaute bientot-dispo"><div class="bloc-produit-content"><a title="Voir le produit" href="../../petit-d%25C3%25A9jeuner-epicerie-sucr%25C3%25A9e/biscuits,-go%25C3%25BBters/biscuits-fourr%25C3%25A9s-et-napp%25C3%25A9s-au-chocolat/id1/483/74923.html"><img src="http://www.refonte.auchandirect.fr/static/images/products/line/74923.jpg" alt="" class="produit "/></a><div class="picto"><span class="invisible"></span></div><img alt="nouveauté" src="http://www.refonte.auchandirect.fr/static/images/ruban-nouveaute_small.png" class="ruban"/><div class="boutons-produit"><a class="bt-produit-ajout-panier disable" title="Bientôt disponible" href="javascript:void(0)">Bientôt disponible</a><a id="addProductToShoppingList_82" onclick="javascript:Tapestry.waitForPage(event);" title="Ajouter à ma liste" class="bt-produit-ajout-liste" href="http://www.refonte.auchandirect.fr/rayon.productgridorlist.productlist.thumbnailproduct.addproducttoshoppinglist/74923?t:ac=nouveautes">Ajouter à ma liste</a></div><div class="infos-produit-1"><div class="prix-actuel"><span>1.05€</span></div></div><div class="infos-produit-2"><a title="Voir le produit" href="../../petit-d%25C3%25A9jeuner-epicerie-sucr%25C3%25A9e/biscuits,-go%25C3%25BBters/biscuits-fourr%25C3%25A9s-et-napp%25C3%25A9s-au-chocolat/id1/483/74923.html"><h3>POUCE</h3><h4>Biscuits fourrés et nappés au chocolat</h4><h4>Orange</h4><p>
300 g
<br/>
3.50€/kg
</p></a></div><div class="mini_picto_bas"><img alt="marque-pouce" src="http://www.refonte.auchandirect.fr/static/images/marque-pouce_small.jpg"/></div></div></div></td><td><div class="bloc-produit nouveaute"><div class="bloc-produit-content"><a title="Voir le produit" href="../../petit-d%25C3%25A9jeuner-epicerie-sucr%25C3%25A9e/desserts,-ingr%25C3%25A9dients/perles-multicolores-sucr%25C3%25A9es/id1/486/2946.html"><img src="http://www.refonte.auchandirect.fr/static/images/products/line/2946.jpg" alt="" class="produit "/></a><div class="picto"><span class="invisible"></span></div><img alt="nouveauté" src="http://www.refonte.auchandirect.fr/static/images/ruban-nouveaute_small.png" class="ruban"/><div class="boutons-produit"><a id="addProductToBasket_48" onclick="javascript:Tapestry.waitForPage(event);" title="Ajouter au panier" class="bt-produit-ajout-panier" href="http://www.refonte.auchandirect.fr/rayon.productgridorlist.productlist.thumbnailproduct.addproducttobasket/2946?t:ac=nouveautes">Ajouter au panier</a><a id="addProductToShoppingList_83" onclick="javascript:Tapestry.waitForPage(event);" title="Ajouter à ma liste" class="bt-produit-ajout-liste" href="http://www.refonte.auchandirect.fr/rayon.productgridorlist.productlist.thumbnailproduct.addproducttoshoppinglist/2946?t:ac=nouveautes">Ajouter à ma liste</a></div><div class="infos-produit-1"><div class="prix-actuel"><span>2.10€</span></div></div><div class="infos-produit-2"><a title="Voir le produit" href="../../petit-d%25C3%25A9jeuner-epicerie-sucr%25C3%25A9e/desserts,-ingr%25C3%25A9dients/perles-multicolores-sucr%25C3%25A9es/id1/486/2946.html"><h3>VAHINE</h3><h4>Perles multicolores sucrées</h4><h4></h4><p>
80 g
<br/>
26.25€/kg
</p></a></div><div class="mini_picto_bas"></div></div></div></td><td></td></tr></table><div class="pro-ecolo"><h1>Boissons</h1></div><table><tr><td><div class="bloc-produit nouveaute"><div class="bloc-produit-content"><a title="Voir le produit" href="../../boissons/ap%25C3%25A9ritifs,-digestifs/rhum-bacardi-strawberry-daiquiri-/id1/475/97344.html"><img src="http://www.refonte.auchandirect.fr/static/images/products/line/97344.jpg" alt="" class="produit "/></a><div class="picto"><span class="invisible"></span></div><img alt="nouveauté" src="http://www.refonte.auchandirect.fr/static/images/ruban-nouveaute_small.png" class="ruban"/><div class="boutons-produit"><a id="addProductToBasket_49" onclick="javascript:Tapestry.waitForPage(event);" title="Ajouter au panier" class="bt-produit-ajout-panier" href="http://www.refonte.auchandirect.fr/rayon.productgridorlist.productlist.thumbnailproduct.addproducttobasket/97344?t:ac=nouveautes">Ajouter au panier</a><a id="addProductToShoppingList_84" onclick="javascript:Tapestry.waitForPage(event);" title="Ajouter à ma liste" class="bt-produit-ajout-liste" href="http://www.refonte.auchandirect.fr/rayon.productgridorlist.productlist.thumbnailproduct.addproducttoshoppinglist/97344?t:ac=nouveautes">Ajouter à ma liste</a></div><div class="infos-produit-1"><div class="prix-actuel"><span>12.90€</span></div></div><div class="infos-produit-2"><a title="Voir le produit" href="../../boissons/ap%25C3%25A9ritifs,-digestifs/rhum-bacardi-strawberry-daiquiri-/id1/475/97344.html"><h3>BACARDI</h3><h4>Rhum bacardi strawberry daiquiri.</h4><h4></h4><p>
70 cl
<br/>
184.29€/l
</p></a></div><div class="mini_picto_bas"></div></div></div></td><td><div class="bloc-produit nouveaute"><div class="bloc-produit-content"><a title="Voir le produit" href="../../boissons/vins-et-champagnes/vin-rouge-beaujolais-aop/id1/506/75210.html"><img src="http://www.refonte.auchandirect.fr/static/images/products/line/75210.jpg" alt="" class="produit "/></a><div class="picto"><span class="invisible"></span></div><img alt="nouveauté" src="http://www.refonte.auchandirect.fr/static/images/ruban-nouveaute_small.png" class="ruban"/><div class="boutons-produit"><a id="addProductToBasket_50" onclick="javascript:Tapestry.waitForPage(event);" title="Ajouter au panier" class="bt-produit-ajout-panier" href="http://www.refonte.auchandirect.fr/rayon.productgridorlist.productlist.thumbnailproduct.addproducttobasket/75210?t:ac=nouveautes">Ajouter au panier</a><a id="addProductToShoppingList_85" onclick="javascript:Tapestry.waitForPage(event);" title="Ajouter à ma liste" class="bt-produit-ajout-liste" href="http://www.refonte.auchandirect.fr/rayon.productgridorlist.productlist.thumbnailproduct.addproducttoshoppinglist/75210?t:ac=nouveautes">Ajouter à ma liste</a></div><div class="infos-produit-1"><div class="prix-actuel"><span>4.25€</span></div></div><div class="infos-produit-2"><a title="Voir le produit" href="../../boissons/vins-et-champagnes/vin-rouge-beaujolais-aop/id1/506/75210.html"><h3>BEAUJOLAIS-VILLAGE</h3><h4>Vin rouge Beaujolais AOP</h4><h4>Fleur de cuvée 2010</h4><p>
75 cl
<br/>
5.67€/l
</p></a></div><div class="mini_picto_bas"><img src="http://www.refonte.auchandirect.fr/static/images/AOP_small.jpg"/></div></div></div></td><td></td></tr></table><div class="pro-ecolo"><h1>Bébé</h1></div><table><tr><td><div class="bloc-produit nouveaute bientot-dispo"><div class="bloc-produit-content"><a title="Voir le produit" href="../../b%25C3%25A9b%25C3%25A9/couches,-culottes/changes-t4+-(9/20kg)/id1/490/75968.html"><img src="http://www.refonte.auchandirect.fr/static/images/products/line/75968.jpg" alt="" class="produit "/></a><div class="picto"><span class="invisible"></span></div><img alt="nouveauté" src="http://www.refonte.auchandirect.fr/static/images/ruban-nouveaute_small.png" class="ruban"/><div class="boutons-produit"><a class="bt-produit-ajout-panier disable" title="Bientôt disponible" href="javascript:void(0)">Bientôt disponible</a><a id="addProductToShoppingList_86" onclick="javascript:Tapestry.waitForPage(event);" title="Ajouter à ma liste" class="bt-produit-ajout-liste" href="http://www.refonte.auchandirect.fr/rayon.productgridorlist.productlist.thumbnailproduct.addproducttoshoppinglist/75968?t:ac=nouveautes">Ajouter à ma liste</a></div><div class="infos-produit-1"><div class="prix-actuel"><span>8.18€</span></div></div><div class="infos-produit-2"><a title="Voir le produit" href="../../b%25C3%25A9b%25C3%25A9/couches,-culottes/changes-t4+-(9/20kg)/id1/490/75968.html"><h3>AUCHAN BABY</h3><h4>Changes T4+ (9/20kg)</h4><h4>Confort Plus</h4><p>
30 pièces
<br/>
0.27€/pièce
</p></a></div><div class="mini_picto_bas"><img src="http://www.refonte.auchandirect.fr/static/images/baby_small.jpg"/></div></div></div></td><td><div class="bloc-produit nouveaute bientot-dispo"><div class="bloc-produit-content"><a title="Voir le produit" href="../../b%25C3%25A9b%25C3%25A9/couches,-culottes/changes-t4-(7/18kg)/id1/490/76038.html"><img src="http://www.refonte.auchandirect.fr/static/images/products/line/76038.jpg" alt="" class="produit "/></a><div class="picto"><span class="invisible"></span></div><img alt="nouveauté" src="http://www.refonte.auchandirect.fr/static/images/ruban-nouveaute_small.png" class="ruban"/><div class="boutons-produit"><a class="bt-produit-ajout-panier disable" title="Bientôt disponible" href="javascript:void(0)">Bientôt disponible</a><a id="addProductToShoppingList_87" onclick="javascript:Tapestry.waitForPage(event);" title="Ajouter à ma liste" class="bt-produit-ajout-liste" href="http://www.refonte.auchandirect.fr/rayon.productgridorlist.productlist.thumbnailproduct.addproducttoshoppinglist/76038?t:ac=nouveautes">Ajouter à ma liste</a></div><div class="infos-produit-1"><div class="prix-actuel"><span>8.29€</span></div></div><div class="infos-produit-2"><a title="Voir le produit" href="../../b%25C3%25A9b%25C3%25A9/couches,-culottes/changes-t4-(7/18kg)/id1/490/76038.html"><h3>AUCHAN BABY</h3><h4>Changes T4 (7/18kg)</h4><h4>Confort Plus</h4><p>
32 pièces
<br/>
25.91€/pièce
</p></a></div><div class="mini_picto_bas"><img src="http://www.refonte.auchandirect.fr/static/images/baby_small.jpg"/></div></div></div></td><td><div class="bloc-produit nouveaute"><div class="bloc-produit-content"><a title="Voir le produit" href="../../b%25C3%25A9b%25C3%25A9/alimentation-b%25C3%25A9b%25C3%25A9/bols-haricots-carottes-veau-cr%25C3%25A8me-(d%25C3%25A8s-8-mois)/id1/488/44413.html"><img src="http://www.refonte.auchandirect.fr/static/images/products/line/44413.jpg" alt="" class="produit "/></a><div class="picto"><span class="invisible"></span></div><img alt="nouveauté" src="http://www.refonte.auchandirect.fr/static/images/ruban-nouveaute_small.png" class="ruban"/><div class="boutons-produit"><a id="addProductToBasket_51" onclick="javascript:Tapestry.waitForPage(event);" title="Ajouter au panier" class="bt-produit-ajout-panier" href="http://www.refonte.auchandirect.fr/rayon.productgridorlist.productlist.thumbnailproduct.addproducttobasket/44413?t:ac=nouveautes">Ajouter au panier</a><a id="addProductToShoppingList_88" onclick="javascript:Tapestry.waitForPage(event);" title="Ajouter à ma liste" class="bt-produit-ajout-liste" href="http://www.refonte.auchandirect.fr/rayon.productgridorlist.productlist.thumbnailproduct.addproducttoshoppinglist/44413?t:ac=nouveautes">Ajouter à ma liste</a></div><div class="infos-produit-1"><div class="prix-actuel"><span>3.19€</span></div></div><div class="infos-produit-2"><a title="Voir le produit" href="../../b%25C3%25A9b%25C3%25A9/alimentation-b%25C3%25A9b%25C3%25A9/bols-haricots-carottes-veau-cr%25C3%25A8me-(d%25C3%25A8s-8-mois)/id1/488/44413.html"><h3>BLEDINA</h3><h4>Bols haricots carottes veau crème (dès 8 mois)</h4><h4>Les Idées de Maman</h4><p>
2 x 200 g
<br/>
7.98€/kg
</p></a></div><div class="mini_picto_bas"></div></div></div></td></tr><tr><td><div class="bloc-produit nouveaute bientot-dispo"><div class="bloc-produit-content"><a title="Voir le produit" href="../../b%25C3%25A9b%25C3%25A9/alimentation-b%25C3%25A9b%25C3%25A9/assiette-cocotte-l%25C3%25A9gumes,-p%25C3%25A2tes-et-saumon-(d%25C3%25A8s-24-mois)/id1/488/104990.html"><img src="http://www.refonte.auchandirect.fr/static/images/products/line/104990.jpg" alt="" class="produit "/></a><div class="picto"><span class="invisible"></span></div><img alt="nouveauté" src="http://www.refonte.auchandirect.fr/static/images/ruban-nouveaute_small.png" class="ruban"/><div class="boutons-produit"><a class="bt-produit-ajout-panier disable" title="Bientôt disponible" href="javascript:void(0)">Bientôt disponible</a><a id="addProductToShoppingList_89" onclick="javascript:Tapestry.waitForPage(event);" title="Ajouter à ma liste" class="bt-produit-ajout-liste" href="http://www.refonte.auchandirect.fr/rayon.productgridorlist.productlist.thumbnailproduct.addproducttoshoppinglist/104990?t:ac=nouveautes">Ajouter à ma liste</a></div><div class="infos-produit-1"><div class="prix-actuel"><span>2.40€</span></div></div><div class="infos-produit-2"><a title="Voir le produit" href="../../b%25C3%25A9b%25C3%25A9/alimentation-b%25C3%25A9b%25C3%25A9/assiette-cocotte-l%25C3%25A9gumes,-p%25C3%25A2tes-et-saumon-(d%25C3%25A8s-24-mois)/id1/488/104990.html"><h3>BLEDINA</h3><h4>Assiette Cocotte légumes, pâtes et saumon (dès 24 mois)</h4><h4>Blédichef</h4><p>
260 g
<br/>
9.23€/kg
</p></a></div><div class="mini_picto_bas"></div></div></div></td><td><div class="bloc-produit nouveaute bientot-dispo"><div class="bloc-produit-content"><a title="Voir le produit" href="../../b%25C3%25A9b%25C3%25A9/alimentation-b%25C3%25A9b%25C3%25A9/assiette-de-l%25C3%25A9gumes-potiron-carotte-et-bl%25C3%25A9/id1/488/105221.html"><img src="http://www.refonte.auchandirect.fr/static/images/products/line/105221.jpg" alt="" class="produit "/></a><div class="picto"><span class="invisible"></span></div><img alt="nouveauté" src="http://www.refonte.auchandirect.fr/static/images/ruban-nouveaute_small.png" class="ruban"/><div class="boutons-produit"><a class="bt-produit-ajout-panier disable" title="Bientôt disponible" href="javascript:void(0)">Bientôt disponible</a><a id="addProductToShoppingList_90" onclick="javascript:Tapestry.waitForPage(event);" title="Ajouter à ma liste" class="bt-produit-ajout-liste" href="http://www.refonte.auchandirect.fr/rayon.productgridorlist.productlist.thumbnailproduct.addproducttoshoppinglist/105221?t:ac=nouveautes">Ajouter à ma liste</a></div><div class="infos-produit-1"><div class="prix-actuel"><span>2.09€</span></div></div><div class="infos-produit-2"><a title="Voir le produit" href="../../b%25C3%25A9b%25C3%25A9/alimentation-b%25C3%25A9b%25C3%25A9/assiette-de-l%25C3%25A9gumes-potiron-carotte-et-bl%25C3%25A9/id1/488/105221.html"><h3>BLEDINA</h3><h4>Assiette de légumes potiron carotte et blé</h4><h4>Blédichef</h4><p>
250 g
<br/>
8.36€/kg
</p></a></div><div class="mini_picto_bas"></div></div></div></td><td><div class="bloc-produit nouveaute bientot-dispo"><div class="bloc-produit-content"><a title="Voir le produit" href="../../b%25C3%25A9b%25C3%25A9/laits-b%25C3%25A9b%25C3%25A9/croissance-(d%25C3%25A8s-10-mois-%25C3%25A0-3-ans)/id1/487/61015.html"><img src="http://www.refonte.auchandirect.fr/static/images/products/line/61015.jpg" alt="" class="produit "/></a><div class="picto"><span class="invisible"></span></div><img alt="nouveauté" src="http://www.refonte.auchandirect.fr/static/images/ruban-nouveaute_small.png" class="ruban"/><div class="boutons-produit"><a class="bt-produit-ajout-panier disable" title="Bientôt disponible" href="javascript:void(0)">Bientôt disponible</a><a id="addProductToShoppingList_91" onclick="javascript:Tapestry.waitForPage(event);" title="Ajouter à ma liste" class="bt-produit-ajout-liste" href="http://www.refonte.auchandirect.fr/rayon.productgridorlist.productlist.thumbnailproduct.addproducttoshoppinglist/61015?t:ac=nouveautes">Ajouter à ma liste</a></div><div class="infos-produit-1"><div class="prix-actuel"><span>11.98€</span></div></div><div class="infos-produit-2"><a title="Voir le produit" href="../../b%25C3%25A9b%25C3%25A9/laits-b%25C3%25A9b%25C3%25A9/croissance-(d%25C3%25A8s-10-mois-%25C3%25A0-3-ans)/id1/487/61015.html"><h3>CANDIA</h3><h4>Croissance (dès 10 mois à 3 ans)</h4><h4></h4><p>
6 x 1 l
<br/>
2.00€/l
</p></a></div><div class="mini_picto_bas"></div></div></div></td></tr><tr><td><div class="bloc-produit nouveaute"><div class="bloc-produit-content"><a title="Voir le produit" href="../../b%25C3%25A9b%25C3%25A9/alimentation-b%25C3%25A9b%25C3%25A9/dessert-lact%25C3%25A9-abricots-(4/6-mois)/id1/488/96675.html"><img src="http://www.refonte.auchandirect.fr/static/images/products/line/96675.jpg" alt="" class="produit "/></a><div class="picto"><span class="invisible"></span></div><img alt="nouveauté" src="http://www.refonte.auchandirect.fr/static/images/ruban-nouveaute_small.png" class="ruban"/><div class="boutons-produit"><a id="addProductToBasket_52" onclick="javascript:Tapestry.waitForPage(event);" title="Ajouter au panier" class="bt-produit-ajout-panier" href="http://www.refonte.auchandirect.fr/rayon.productgridorlist.productlist.thumbnailproduct.addproducttobasket/96675?t:ac=nouveautes">Ajouter au panier</a><a id="addProductToShoppingList_92" onclick="javascript:Tapestry.waitForPage(event);" title="Ajouter à ma liste" class="bt-produit-ajout-liste" href="http://www.refonte.auchandirect.fr/rayon.productgridorlist.productlist.thumbnailproduct.addproducttoshoppinglist/96675?t:ac=nouveautes">Ajouter à ma liste</a></div><div class="infos-produit-1"><div class="prix-actuel"><span>2.30€</span></div></div><div class="infos-produit-2"><a title="Voir le produit" href="../../b%25C3%25A9b%25C3%25A9/alimentation-b%25C3%25A9b%25C3%25A9/dessert-lact%25C3%25A9-abricots-(4/6-mois)/id1/488/96675.html"><h3>NESTLE</h3><h4>Dessert lacté abricots (4/6 mois)</h4><h4>P'tit Brassé mini</h4><p>
6 x 60 g
<br/>
6.39€/kg
</p></a></div><div class="mini_picto_bas"></div></div></div></td><td><div class="bloc-produit nouveaute bientot-dispo"><div class="bloc-produit-content"><a title="Voir le produit" href="../../b%25C3%25A9b%25C3%25A9/alimentation-b%25C3%25A9b%25C3%25A9/petit-pots-repas-sal%25C3%25A9-p'tite-recette/id1/488/106377.html"><img src="http://www.refonte.auchandirect.fr/static/images/products/line/106377.jpg" alt="" class="produit "/></a><div class="picto"><span class="invisible"></span></div><img alt="nouveauté" src="http://www.refonte.auchandirect.fr/static/images/ruban-nouveaute_small.png" class="ruban"/><div class="boutons-produit"><a class="bt-produit-ajout-panier disable" title="Bientôt disponible" href="javascript:void(0)">Bientôt disponible</a><a id="addProductToShoppingList_93" onclick="javascript:Tapestry.waitForPage(event);" title="Ajouter à ma liste" class="bt-produit-ajout-liste" href="http://www.refonte.auchandirect.fr/rayon.productgridorlist.productlist.thumbnailproduct.addproducttoshoppinglist/106377?t:ac=nouveautes">Ajouter à ma liste</a></div><div class="infos-produit-1"><div class="prix-actuel"><span>5.99€</span></div></div><div class="infos-produit-2"><a title="Voir le produit" href="../../b%25C3%25A9b%25C3%25A9/alimentation-b%25C3%25A9b%25C3%25A9/petit-pots-repas-sal%25C3%25A9-p'tite-recette/id1/488/106377.html"><h3>NESTLE</h3><h4>Petit pots repas salé P'tite Recette</h4><h4>6+2 gratuits</h4><p>
8x200 g
<br/>
3.74€/kg
</p></a></div><div class="mini_picto_bas"></div></div></div></td><td><div class="bloc-produit nouveaute"><div class="bloc-produit-content"><a title="Voir le produit" href="../../b%25C3%25A9b%25C3%25A9/couches,-culottes/couches-taille(-6-+16kg)-format-g%25C3%25A9ant/id1/490/74288.html"><img src="http://www.refonte.auchandirect.fr/static/images/products/line/74288.jpg" alt="" class="produit "/></a><div class="picto"><span class="invisible"></span></div><img alt="nouveauté" src="http://www.refonte.auchandirect.fr/static/images/ruban-nouveaute_small.png" class="ruban"/><div class="boutons-produit"><a id="addProductToBasket_53" onclick="javascript:Tapestry.waitForPage(event);" title="Ajouter au panier" class="bt-produit-ajout-panier" href="http://www.refonte.auchandirect.fr/rayon.productgridorlist.productlist.thumbnailproduct.addproducttobasket/74288?t:ac=nouveautes">Ajouter au panier</a><a id="addProductToShoppingList_94" onclick="javascript:Tapestry.waitForPage(event);" title="Ajouter à ma liste" class="bt-produit-ajout-liste" href="http://www.refonte.auchandirect.fr/rayon.productgridorlist.productlist.thumbnailproduct.addproducttoshoppinglist/74288?t:ac=nouveautes">Ajouter à ma liste</a></div><div class="infos-produit-1"><div class="prix-actuel"><span>19.99€</span></div></div><div class="infos-produit-2"><a title="Voir le produit" href="../../b%25C3%25A9b%25C3%25A9/couches,-culottes/couches-taille(-6-+16kg)-format-g%25C3%25A9ant/id1/490/74288.html"><h3>PAMPERS</h3><h4>Couches taille( 6 +16kg) format Géant</h4><h4>Easy up</h4><p>
38 pièces
<br/>
0.53€/pièce
</p></a></div><div class="mini_picto_bas"></div></div></div></td></tr><tr><td><div class="bloc-produit nouveaute bientot-dispo"><div class="bloc-produit-content"><a title="Voir le produit" href="../../b%25C3%25A9b%25C3%25A9/couches,-culottes/couches-taille-4-(7-18kg)/id1/490/98537.html"><img src="http://www.refonte.auchandirect.fr/static/images/products/line/98537.jpg" alt="" class="produit "/></a><div class="picto"><span class="invisible"></span></div><img alt="nouveauté" src="http://www.refonte.auchandirect.fr/static/images/ruban-nouveaute_small.png" class="ruban"/><div class="boutons-produit"><a class="bt-produit-ajout-panier disable" title="Bientôt disponible" href="javascript:void(0)">Bientôt disponible</a><a id="addProductToShoppingList_95" onclick="javascript:Tapestry.waitForPage(event);" title="Ajouter à ma liste" class="bt-produit-ajout-liste" href="http://www.refonte.auchandirect.fr/rayon.productgridorlist.productlist.thumbnailproduct.addproducttoshoppinglist/98537?t:ac=nouveautes">Ajouter à ma liste</a></div><div class="infos-produit-1"><div class="prix-actuel"><span>12.77€</span></div></div><div class="infos-produit-2"><a title="Voir le produit" href="../../b%25C3%25A9b%25C3%25A9/couches,-culottes/couches-taille-4-(7-18kg)/id1/490/98537.html"><h3>PAMPERS</h3><h4>Couches Taille 4 (7-18kg)</h4><h4>Active Fit</h4><p>
26 pièces
<br/>
0.49€/pièce
</p></a></div><div class="mini_picto_bas"></div></div></div></td><td><div class="bloc-produit nouveaute"><div class="bloc-produit-content"><a title="Voir le produit" href="../../b%25C3%25A9b%25C3%25A9/couches,-culottes/couches-taille-2---3/6-kg/id1/490/105228.html"><img src="http://www.refonte.auchandirect.fr/static/images/products/line/105228.jpg" alt="" class="produit "/></a><div class="picto"><span class="invisible"></span></div><img alt="nouveauté" src="http://www.refonte.auchandirect.fr/static/images/ruban-nouveaute_small.png" class="ruban"/><div class="boutons-produit"><a id="addProductToBasket_54" onclick="javascript:Tapestry.waitForPage(event);" title="Ajouter au panier" class="bt-produit-ajout-panier" href="http://www.refonte.auchandirect.fr/rayon.productgridorlist.productlist.thumbnailproduct.addproducttobasket/105228?t:ac=nouveautes">Ajouter au panier</a><a id="addProductToShoppingList_96" onclick="javascript:Tapestry.waitForPage(event);" title="Ajouter à ma liste" class="bt-produit-ajout-liste" href="http://www.refonte.auchandirect.fr/rayon.productgridorlist.productlist.thumbnailproduct.addproducttoshoppinglist/105228?t:ac=nouveautes">Ajouter à ma liste</a></div><div class="infos-produit-1"><div class="prix-actuel"><span>19.14€</span></div></div><div class="infos-produit-2"><a title="Voir le produit" href="../../b%25C3%25A9b%25C3%25A9/couches,-culottes/couches-taille-2---3/6-kg/id1/490/105228.html"><h3>PAMPERS</h3><h4>Couches taille 2 - 3/6 kg</h4><h4>New Baby</h4><p>
58 pièces
<br/>
0.33€/pièce
</p></a></div><div class="mini_picto_bas"></div></div></div></td><td><div class="bloc-produit nouveaute"><div class="bloc-produit-content"><a title="Voir le produit" href="../../b%25C3%25A9b%25C3%25A9/couches,-culottes/active-fit-t3-(4-9-kg)/id1/490/109095.html"><img src="http://www.refonte.auchandirect.fr/static/images/products/line/109095.jpg" alt="" class="produit "/></a><div class="picto"><span class="invisible"></span></div><img alt="nouveauté" src="http://www.refonte.auchandirect.fr/static/images/ruban-nouveaute_small.png" class="ruban"/><div class="boutons-produit"><a id="addProductToBasket_55" onclick="javascript:Tapestry.waitForPage(event);" title="Ajouter au panier" class="bt-produit-ajout-panier" href="http://www.refonte.auchandirect.fr/rayon.productgridorlist.productlist.thumbnailproduct.addproducttobasket/109095?t:ac=nouveautes">Ajouter au panier</a><a id="addProductToShoppingList_97" onclick="javascript:Tapestry.waitForPage(event);" title="Ajouter à ma liste" class="bt-produit-ajout-liste" href="http://www.refonte.auchandirect.fr/rayon.productgridorlist.productlist.thumbnailproduct.addproducttoshoppinglist/109095?t:ac=nouveautes">Ajouter à ma liste</a></div><div class="infos-produit-1"><div class="prix-actuel"><span>32.00€</span></div></div><div class="infos-produit-2"><a title="Voir le produit" href="../../b%25C3%25A9b%25C3%25A9/couches,-culottes/active-fit-t3-(4-9-kg)/id1/490/109095.html"><h3>PAMPERS</h3><h4>Active fit T3 (4-9 kg)</h4><h4>Active fit</h4><p>
x 100
<br/>
0.32€/pièce
</p></a></div><div class="mini_picto_bas"></div></div></div></td></tr><tr><td><div class="bloc-produit nouveaute"><div class="bloc-produit-content"><a title="Voir le produit" href="../../b%25C3%25A9b%25C3%25A9/couches,-culottes/active-fit-t4-(7-18-kg)/id1/490/109096.html"><img src="http://www.refonte.auchandirect.fr/static/images/products/line/109096.jpg" alt="" class="produit "/></a><div class="picto"><span class="invisible"></span></div><img alt="nouveauté" src="http://www.refonte.auchandirect.fr/static/images/ruban-nouveaute_small.png" class="ruban"/><div class="boutons-produit"><a id="addProductToBasket_56" onclick="javascript:Tapestry.waitForPage(event);" title="Ajouter au panier" class="bt-produit-ajout-panier" href="http://www.refonte.auchandirect.fr/rayon.productgridorlist.productlist.thumbnailproduct.addproducttobasket/109096?t:ac=nouveautes">Ajouter au panier</a><a id="addProductToShoppingList_98" onclick="javascript:Tapestry.waitForPage(event);" title="Ajouter à ma liste" class="bt-produit-ajout-liste" href="http://www.refonte.auchandirect.fr/rayon.productgridorlist.productlist.thumbnailproduct.addproducttoshoppinglist/109096?t:ac=nouveautes">Ajouter à ma liste</a></div><div class="infos-produit-1"><div class="prix-actuel"><span>32.00€</span></div></div><div class="infos-produit-2"><a title="Voir le produit" href="../../b%25C3%25A9b%25C3%25A9/couches,-culottes/active-fit-t4-(7-18-kg)/id1/490/109096.html"><h3>PAMPERS</h3><h4>Active Fit T4 (7-18 kg)</h4><h4></h4><p>
x 86
<br/>
0.37€/kg
</p></a></div><div class="mini_picto_bas"></div></div></div></td><td><div class="bloc-produit nouveaute"><div class="bloc-produit-content"><a title="Voir le produit" href="../../b%25C3%25A9b%25C3%25A9/couches,-culottes/active-fit-t5-(11-25-kg)/id1/490/109097.html"><img src="http://www.refonte.auchandirect.fr/static/images/products/line/109097.jpg" alt="" class="produit "/></a><div class="picto"><span class="invisible"></span></div><img alt="nouveauté" src="http://www.refonte.auchandirect.fr/static/images/ruban-nouveaute_small.png" class="ruban"/><div class="boutons-produit"><a id="addProductToBasket_57" onclick="javascript:Tapestry.waitForPage(event);" title="Ajouter au panier" class="bt-produit-ajout-panier" href="http://www.refonte.auchandirect.fr/rayon.productgridorlist.productlist.thumbnailproduct.addproducttobasket/109097?t:ac=nouveautes">Ajouter au panier</a><a id="addProductToShoppingList_99" onclick="javascript:Tapestry.waitForPage(event);" title="Ajouter à ma liste" class="bt-produit-ajout-liste" href="http://www.refonte.auchandirect.fr/rayon.productgridorlist.productlist.thumbnailproduct.addproducttoshoppinglist/109097?t:ac=nouveautes">Ajouter à ma liste</a></div><div class="infos-produit-1"><div class="prix-actuel"><span>32.00€</span></div></div><div class="infos-produit-2"><a title="Voir le produit" href="../../b%25C3%25A9b%25C3%25A9/couches,-culottes/active-fit-t5-(11-25-kg)/id1/490/109097.html"><h3>PAMPERS</h3><h4>Active Fit T5 (11-25 kg)</h4><h4>Active fit</h4><p>
x 76
<br/>
0.42€/pièce
</p></a></div><div class="mini_picto_bas"></div></div></div></td><td></td></tr></table><div class="pro-ecolo"><h1>Bio Ecolo</h1></div><table><tr><td><div class="bloc-produit nouveaute bientot-dispo"><div class="bloc-produit-content"><a title="Voir le produit" href="../../bio-ecolo/produits-frais-et-surgel%25C3%25A9s-bio/truite-fum%25C3%25A9e-en-tranches-x-4/id1/456/57917.html"><img src="http://www.refonte.auchandirect.fr/static/images/products/line/57917.jpg" alt="" class="produit "/></a><div class="picto"><span class="invisible"></span></div><img alt="nouveauté" src="http://www.refonte.auchandirect.fr/static/images/ruban-nouveaute_small.png" class="ruban"/><div class="boutons-produit"><a class="bt-produit-ajout-panier disable" title="Bientôt disponible" href="javascript:void(0)">Bientôt disponible</a><a id="addProductToShoppingList_100" onclick="javascript:Tapestry.waitForPage(event);" title="Ajouter à ma liste" class="bt-produit-ajout-liste" href="http://www.refonte.auchandirect.fr/rayon.productgridorlist.productlist.thumbnailproduct.addproducttoshoppinglist/57917?t:ac=nouveautes">Ajouter à ma liste</a></div><div class="infos-produit-1"><div class="prix-actuel"><span>5.10€</span></div></div><div class="infos-produit-2"><a title="Voir le produit" href="../../bio-ecolo/produits-frais-et-surgel%25C3%25A9s-bio/truite-fum%25C3%25A9e-en-tranches-x-4/id1/456/57917.html"><h3>AUCHAN BIO</h3><h4>Truite fumée en tranches x 4</h4><h4></h4><p>
4 x 120 g
<br/>
42.50€/kg
</p></a></div><div class="mini_picto_bas"><img alt="frais" src="http://www.refonte.auchandirect.fr/static/images/frais_small.jpg"/><img src="http://www.refonte.auchandirect.fr/static/images/DLC-garantie-6j_small.jpg"/><img src="http://www.refonte.auchandirect.fr/static/images/AB_small.jpg"/></div></div></div></td><td><div class="bloc-produit nouveaute bientot-dispo"><div class="bloc-produit-content"><a title="Voir le produit" href="../../bio-ecolo/produits-frais-et-surgel%25C3%25A9s-bio/quenelles/id1/456/80263.html"><img src="http://www.refonte.auchandirect.fr/static/images/products/line/80263.jpg" alt="" class="produit "/></a><div class="picto"><span class="invisible"></span></div><img alt="nouveauté" src="http://www.refonte.auchandirect.fr/static/images/ruban-nouveaute_small.png" class="ruban"/><div class="boutons-produit"><a class="bt-produit-ajout-panier disable" title="Bientôt disponible" href="javascript:void(0)">Bientôt disponible</a><a id="addProductToShoppingList_101" onclick="javascript:Tapestry.waitForPage(event);" title="Ajouter à ma liste" class="bt-produit-ajout-liste" href="http://www.refonte.auchandirect.fr/rayon.productgridorlist.productlist.thumbnailproduct.addproducttoshoppinglist/80263?t:ac=nouveautes">Ajouter à ma liste</a></div><div class="infos-produit-1"><div class="prix-actuel"><span>3.49€</span></div></div><div class="infos-produit-2"><a title="Voir le produit" href="../../bio-ecolo/produits-frais-et-surgel%25C3%25A9s-bio/quenelles/id1/456/80263.html"><h3>AUCHAN BIO</h3><h4>Quenelles</h4><h4></h4><p>
320 g
<br/>
10.91€/kg
</p></a></div><div class="mini_picto_bas"><img alt="frais" src="http://www.refonte.auchandirect.fr/static/images/frais_small.jpg"/><img src="http://www.refonte.auchandirect.fr/static/images/DLC-garantie-6j_small.jpg"/><img src="http://www.refonte.auchandirect.fr/static/images/AB_small.jpg"/></div></div></div></td><td><div class="bloc-produit nouveaute bientot-dispo"><div class="bloc-produit-content"><a title="Voir le produit" href="../../bio-ecolo/produits-frais-et-surgel%25C3%25A9s-bio/saucisse-de-francfort/id1/456/92126.html"><img src="http://www.refonte.auchandirect.fr/static/images/products/line/92126.jpg" alt="" class="produit "/></a><div class="picto"><span class="invisible"></span></div><img alt="nouveauté" src="http://www.refonte.auchandirect.fr/static/images/ruban-nouveaute_small.png" class="ruban"/><div class="boutons-produit"><a class="bt-produit-ajout-panier disable" title="Bientôt disponible" href="javascript:void(0)">Bientôt disponible</a><a id="addProductToShoppingList_102" onclick="javascript:Tapestry.waitForPage(event);" title="Ajouter à ma liste" class="bt-produit-ajout-liste" href="http://www.refonte.auchandirect.fr/rayon.productgridorlist.productlist.thumbnailproduct.addproducttoshoppinglist/92126?t:ac=nouveautes">Ajouter à ma liste</a></div><div class="infos-produit-1"><div class="prix-actuel"><span>2.59€</span></div></div><div class="infos-produit-2"><a title="Voir le produit" href="../../bio-ecolo/produits-frais-et-surgel%25C3%25A9s-bio/saucisse-de-francfort/id1/456/92126.html"><h3>AUCHAN BIO</h3><h4>Saucisse de Francfort</h4><h4></h4><p>
200 g
</p></a></div><div class="mini_picto_bas"><img alt="frais" src="http://www.refonte.auchandirect.fr/static/images/frais_small.jpg"/><img src="http://www.refonte.auchandirect.fr/static/images/DLC-garantie-6j_small.jpg"/><img src="http://www.refonte.auchandirect.fr/static/images/AB_small.jpg"/></div></div></div></td></tr><tr><td><div class="bloc-produit nouveaute bientot-dispo"><div class="bloc-produit-content"><a title="Voir le produit" href="../../bio-ecolo/produits-frais-et-surgel%25C3%25A9s-bio/r%25C3%25B4ti-de-porc/id1/456/92148.html"><img src="http://www.refonte.auchandirect.fr/static/images/products/line/92148.jpg" alt="" class="produit "/></a><div class="picto"><span class="invisible"></span></div><img alt="nouveauté" src="http://www.refonte.auchandirect.fr/static/images/ruban-nouveaute_small.png" class="ruban"/><div class="boutons-produit"><a class="bt-produit-ajout-panier disable" title="Bientôt disponible" href="javascript:void(0)">Bientôt disponible</a><a id="addProductToShoppingList_103" onclick="javascript:Tapestry.waitForPage(event);" title="Ajouter à ma liste" class="bt-produit-ajout-liste" href="http://www.refonte.auchandirect.fr/rayon.productgridorlist.productlist.thumbnailproduct.addproducttoshoppinglist/92148?t:ac=nouveautes">Ajouter à ma liste</a></div><div class="infos-produit-1"><div class="prix-actuel"><span>2.59€</span></div></div><div class="infos-produit-2"><a title="Voir le produit" href="../../bio-ecolo/produits-frais-et-surgel%25C3%25A9s-bio/r%25C3%25B4ti-de-porc/id1/456/92148.html"><h3>AUCHAN BIO</h3><h4>Rôti de porc</h4><h4></h4><p>
120 g
</p></a></div><div class="mini_picto_bas"><img alt="frais" src="http://www.refonte.auchandirect.fr/static/images/frais_small.jpg"/><img src="http://www.refonte.auchandirect.fr/static/images/DLC-garantie-6j_small.jpg"/><img src="http://www.refonte.auchandirect.fr/static/images/AB_small.jpg"/></div></div></div></td><td><div class="bloc-produit nouveaute"><div class="bloc-produit-content"><a title="Voir le produit" href="../../bio-ecolo/produits-frais-et-surgel%25C3%25A9s-bio/bacon/id1/456/92149.html"><img src="http://www.refonte.auchandirect.fr/static/images/products/line/92149.jpg" alt="" class="produit "/></a><div class="picto"><span class="invisible"></span></div><img alt="nouveauté" src="http://www.refonte.auchandirect.fr/static/images/ruban-nouveaute_small.png" class="ruban"/><div class="boutons-produit"><a id="addProductToBasket_58" onclick="javascript:Tapestry.waitForPage(event);" title="Ajouter au panier" class="bt-produit-ajout-panier" href="http://www.refonte.auchandirect.fr/rayon.productgridorlist.productlist.thumbnailproduct.addproducttobasket/92149?t:ac=nouveautes">Ajouter au panier</a><a id="addProductToShoppingList_104" onclick="javascript:Tapestry.waitForPage(event);" title="Ajouter à ma liste" class="bt-produit-ajout-liste" href="http://www.refonte.auchandirect.fr/rayon.productgridorlist.productlist.thumbnailproduct.addproducttoshoppinglist/92149?t:ac=nouveautes">Ajouter à ma liste</a></div><div class="infos-produit-1"><div class="prix-actuel"><span>2.29€</span></div></div><div class="infos-produit-2"><a title="Voir le produit" href="../../bio-ecolo/produits-frais-et-surgel%25C3%25A9s-bio/bacon/id1/456/92149.html"><h3>AUCHAN BIO</h3><h4>Bacon</h4><h4></h4><p>
80 g
<br/>
28.63€/kg
</p></a></div><div class="mini_picto_bas"><img alt="frais" src="http://www.refonte.auchandirect.fr/static/images/frais_small.jpg"/><img src="http://www.refonte.auchandirect.fr/static/images/DLC-garantie-6j_small.jpg"/><img src="http://www.refonte.auchandirect.fr/static/images/AB_small.jpg"/></div></div></div></td><td><div class="bloc-produit nouveaute"><div class="bloc-produit-content"><a title="Voir le produit" href="../../bio-ecolo/epicerie-bio/th%25C3%25A9-vert-de-ceylan-bio/id1/458/54140.html"><img src="http://www.refonte.auchandirect.fr/static/images/products/line/54140.jpg" alt="" class="produit "/></a><div class="picto"><span class="invisible"></span></div><img alt="nouveauté" src="http://www.refonte.auchandirect.fr/static/images/ruban-nouveaute_small.png" class="ruban"/><div class="boutons-produit"><a id="addProductToBasket_59" onclick="javascript:Tapestry.waitForPage(event);" title="Ajouter au panier" class="bt-produit-ajout-panier" href="http://www.refonte.auchandirect.fr/rayon.productgridorlist.productlist.thumbnailproduct.addproducttobasket/54140?t:ac=nouveautes">Ajouter au panier</a><a id="addProductToShoppingList_105" onclick="javascript:Tapestry.waitForPage(event);" title="Ajouter à ma liste" class="bt-produit-ajout-liste" href="http://www.refonte.auchandirect.fr/rayon.productgridorlist.productlist.thumbnailproduct.addproducttoshoppinglist/54140?t:ac=nouveautes">Ajouter à ma liste</a></div><div class="infos-produit-1"><div class="prix-actuel"><span>3.03€</span></div></div><div class="infos-produit-2"><a title="Voir le produit" href="../../bio-ecolo/epicerie-bio/th%25C3%25A9-vert-de-ceylan-bio/id1/458/54140.html"><h3>BJORG</h3><h4>Thé vert de ceylan bio</h4><h4></h4><p>
38 g
<br/>
79.74€/kg
</p></a></div><div class="mini_picto_bas"><img src="http://www.refonte.auchandirect.fr/static/images/AB_small.jpg"/></div></div></div></td></tr><tr><td><div class="bloc-produit nouveaute bientot-dispo"><div class="bloc-produit-content"><a title="Voir le produit" href="../../bio-ecolo/b%25C3%25A9b%25C3%25A9-bio/lait-de-croissance-bio-(10-mois-%25C3%25A0-3-ans)/id1/454/35190.html"><img src="http://www.refonte.auchandirect.fr/static/images/products/line/35190.jpg" alt="" class="produit "/></a><div class="picto"><span class="invisible"></span></div><img alt="nouveauté" src="http://www.refonte.auchandirect.fr/static/images/ruban-nouveaute_small.png" class="ruban"/><div class="boutons-produit"><a class="bt-produit-ajout-panier disable" title="Bientôt disponible" href="javascript:void(0)">Bientôt disponible</a><a id="addProductToShoppingList_106" onclick="javascript:Tapestry.waitForPage(event);" title="Ajouter à ma liste" class="bt-produit-ajout-liste" href="http://www.refonte.auchandirect.fr/rayon.productgridorlist.productlist.thumbnailproduct.addproducttoshoppinglist/35190?t:ac=nouveautes">Ajouter à ma liste</a></div><div class="infos-produit-1"><div class="prix-actuel"><span>14.34€</span></div></div><div class="infos-produit-2"><a title="Voir le produit" href="../../bio-ecolo/b%25C3%25A9b%25C3%25A9-bio/lait-de-croissance-bio-(10-mois-%25C3%25A0-3-ans)/id1/454/35190.html"><h3>CANDIA</h3><h4>Lait de croissance bio (10 mois à 3 ans)</h4><h4></h4><p>
6 x 1 l
<br/>
2.39€/l
</p></a></div><div class="mini_picto_bas"><img src="http://www.refonte.auchandirect.fr/static/images/AB_small.jpg"/></div></div></div></td><td><div class="bloc-produit nouveaute"><div class="bloc-produit-content"><a title="Voir le produit" href="../../bio-ecolo/epicerie-bio/galettes-%25C3%25A9pautres-et-l%25C3%25A9gumes/id1/458/44680.html"><img src="http://www.refonte.auchandirect.fr/static/images/products/line/44680.jpg" alt="" class="produit "/></a><div class="picto"><span class="invisible"></span></div><img alt="nouveauté" src="http://www.refonte.auchandirect.fr/static/images/ruban-nouveaute_small.png" class="ruban"/><div class="boutons-produit"><a id="addProductToBasket_60" onclick="javascript:Tapestry.waitForPage(event);" title="Ajouter au panier" class="bt-produit-ajout-panier" href="http://www.refonte.auchandirect.fr/rayon.productgridorlist.productlist.thumbnailproduct.addproducttobasket/44680?t:ac=nouveautes">Ajouter au panier</a><a id="addProductToShoppingList_107" onclick="javascript:Tapestry.waitForPage(event);" title="Ajouter à ma liste" class="bt-produit-ajout-liste" href="http://www.refonte.auchandirect.fr/rayon.productgridorlist.productlist.thumbnailproduct.addproducttoshoppinglist/44680?t:ac=nouveautes">Ajouter à ma liste</a></div><div class="infos-produit-1"><div class="prix-actuel"><span>3.39€</span></div></div><div class="infos-produit-2"><a title="Voir le produit" href="../../bio-ecolo/epicerie-bio/galettes-%25C3%25A9pautres-et-l%25C3%25A9gumes/id1/458/44680.html"><h3>CEREAL BIO</h3><h4>Galettes épautres et légumes</h4><h4></h4><p>
200 g
<br/>
16.95€/kg
</p></a></div><div class="mini_picto_bas"><img src="http://www.refonte.auchandirect.fr/static/images/AB_small.jpg"/></div></div></div></td><td><div class="bloc-produit nouveaute bientot-dispo"><div class="bloc-produit-content"><a title="Voir le produit" href="../../bio-ecolo/produits-frais-et-surgel%25C3%25A9s-bio/citron-bio/id1/456/82116.html"><img src="http://www.refonte.auchandirect.fr/static/images/products/line/82116.jpg" alt="" class="produit "/></a><div class="picto"><span class="invisible"></span></div><img alt="nouveauté" src="http://www.refonte.auchandirect.fr/static/images/ruban-nouveaute_small.png" class="ruban"/><div class="boutons-produit"><a class="bt-produit-ajout-panier disable" title="Bientôt disponible" href="javascript:void(0)">Bientôt disponible</a><a id="addProductToShoppingList_108" onclick="javascript:Tapestry.waitForPage(event);" title="Ajouter à ma liste" class="bt-produit-ajout-liste" href="http://www.refonte.auchandirect.fr/rayon.productgridorlist.productlist.thumbnailproduct.addproducttoshoppinglist/82116?t:ac=nouveautes">Ajouter à ma liste</a></div><div class="infos-produit-1"><div class="prix-actuel"><span>2.50€</span></div></div><div class="infos-produit-2"><a title="Voir le produit" href="../../bio-ecolo/produits-frais-et-surgel%25C3%25A9s-bio/citron-bio/id1/456/82116.html"><h3>CITRON</h3><h4>Citron bio</h4><h4>Origine Afrique du Sud</h4><p>
380 g
<br/>
6.58€/kg
</p></a></div><div class="mini_picto_bas"><img alt="frais" src="http://www.refonte.auchandirect.fr/static/images/frais_small.jpg"/><img src="http://www.refonte.auchandirect.fr/static/images/AB_small.jpg"/></div></div></div></td></tr><tr><td><div class="bloc-produit nouveaute bientot-dispo"><div class="bloc-produit-content"><a title="Voir le produit" href="../../bio-ecolo/produits-frais-et-surgel%25C3%25A9s-bio/blanc-poulet/id1/456/89281.html"><img src="http://www.refonte.auchandirect.fr/static/images/products/line/89281.jpg" alt="" class="produit "/></a><div class="picto"><span class="invisible"></span></div><img alt="nouveauté" src="http://www.refonte.auchandirect.fr/static/images/ruban-nouveaute_small.png" class="ruban"/><div class="boutons-produit"><a class="bt-produit-ajout-panier disable" title="Bientôt disponible" href="javascript:void(0)">Bientôt disponible</a><a id="addProductToShoppingList_109" onclick="javascript:Tapestry.waitForPage(event);" title="Ajouter à ma liste" class="bt-produit-ajout-liste" href="http://www.refonte.auchandirect.fr/rayon.productgridorlist.productlist.thumbnailproduct.addproducttoshoppinglist/89281?t:ac=nouveautes">Ajouter à ma liste</a></div><div class="infos-produit-1"><div class="prix-actuel"><span>4.54€</span></div></div><div class="infos-produit-2"><a title="Voir le produit" href="../../bio-ecolo/produits-frais-et-surgel%25C3%25A9s-bio/blanc-poulet/id1/456/89281.html"><h3>FLEURY MICHON</h3><h4>Blanc poulet</h4><h4>BIO</h4><p>
4 tranches, 120 g
<br/>
37.83€/kg
</p></a></div><div class="mini_picto_bas"><img alt="frais" src="http://www.refonte.auchandirect.fr/static/images/frais_small.jpg"/><img src="http://www.refonte.auchandirect.fr/static/images/DLC-garantie-6j_small.jpg"/><img src="http://www.refonte.auchandirect.fr/static/images/AB_small.jpg"/></div></div></div></td><td></td><td></td></tr></table><div class="pro-ecolo"><h1>Hygiène Beauté</h1></div><table><tr><td><div class="bloc-produit nouveaute bientot-dispo"><div class="bloc-produit-content"><a title="Voir le produit" href="../../hygi%25C3%25A8ne-beaut%25C3%25A9/visage/brosse-%25C3%25A0-dents-inter-espaces-medium/id1/493/72686.html"><img src="http://www.refonte.auchandirect.fr/static/images/products/line/72686.jpg" alt="" class="produit "/></a><div class="picto"><span class="invisible"></span></div><img alt="nouveauté" src="http://www.refonte.auchandirect.fr/static/images/ruban-nouveaute_small.png" class="ruban"/><div class="boutons-produit"><a class="bt-produit-ajout-panier disable" title="Bientôt disponible" href="javascript:void(0)">Bientôt disponible</a><a id="addProductToShoppingList_110" onclick="javascript:Tapestry.waitForPage(event);" title="Ajouter à ma liste" class="bt-produit-ajout-liste" href="http://www.refonte.auchandirect.fr/rayon.productgridorlist.productlist.thumbnailproduct.addproducttoshoppinglist/72686?t:ac=nouveautes">Ajouter à ma liste</a></div><div class="infos-produit-1"><div class="prix-actuel"><span>2.40€</span></div></div><div class="infos-produit-2"><a title="Voir le produit" href="../../hygi%25C3%25A8ne-beaut%25C3%25A9/visage/brosse-%25C3%25A0-dents-inter-espaces-medium/id1/493/72686.html"><h3>AQUAFRESH</h3><h4>Brosse à dents inter espaces medium</h4><h4></h4><p>
1 pièce
<br/>
240.00€/pièce
</p></a></div><div class="mini_picto_bas"></div></div></div></td><td><div class="bloc-produit nouveaute bientot-dispo"><div class="bloc-produit-content"><a title="Voir le produit" href="../../hygi%25C3%25A8ne-beaut%25C3%25A9/corps/lames-%25C3%25A0-raser/id1/492/46302.html"><img src="http://www.refonte.auchandirect.fr/static/images/products/line/46302.jpg" alt="" class="produit "/></a><div class="picto"><span class="invisible"></span></div><img alt="nouveauté" src="http://www.refonte.auchandirect.fr/static/images/ruban-nouveaute_small.png" class="ruban"/><div class="boutons-produit"><a class="bt-produit-ajout-panier disable" title="Bientôt disponible" href="javascript:void(0)">Bientôt disponible</a><a id="addProductToShoppingList_111" onclick="javascript:Tapestry.waitForPage(event);" title="Ajouter à ma liste" class="bt-produit-ajout-liste" href="http://www.refonte.auchandirect.fr/rayon.productgridorlist.productlist.thumbnailproduct.addproducttoshoppinglist/46302?t:ac=nouveautes">Ajouter à ma liste</a></div><div class="infos-produit-1"><div class="prix-actuel"><span>12.68€</span></div></div><div class="infos-produit-2"><a title="Voir le produit" href="../../hygi%25C3%25A8ne-beaut%25C3%25A9/corps/lames-%25C3%25A0-raser/id1/492/46302.html"><h3>GILLETTE</h3><h4>Lames à raser</h4><h4>Breeze</h4><p>
4 pièces
<br/>
3.17€/pièce
</p></a></div><div class="mini_picto_bas"></div></div></div></td><td><div class="bloc-produit nouveaute"><div class="bloc-produit-content"><a title="Voir le produit" href="../../hygi%25C3%25A8ne-beaut%25C3%25A9/visage/bain-de-bouche-protection-dents-et-gencives/id1/493/91128.html"><img src="http://www.refonte.auchandirect.fr/static/images/products/line/91128.jpg" alt="" class="produit "/></a><div class="picto"><span class="invisible"></span></div><img alt="nouveauté" src="http://www.refonte.auchandirect.fr/static/images/ruban-nouveaute_small.png" class="ruban"/><div class="boutons-produit"><a id="addProductToBasket_61" onclick="javascript:Tapestry.waitForPage(event);" title="Ajouter au panier" class="bt-produit-ajout-panier" href="http://www.refonte.auchandirect.fr/rayon.productgridorlist.productlist.thumbnailproduct.addproducttobasket/91128?t:ac=nouveautes">Ajouter au panier</a><a id="addProductToShoppingList_112" onclick="javascript:Tapestry.waitForPage(event);" title="Ajouter à ma liste" class="bt-produit-ajout-liste" href="http://www.refonte.auchandirect.fr/rayon.productgridorlist.productlist.thumbnailproduct.addproducttoshoppinglist/91128?t:ac=nouveautes">Ajouter à ma liste</a></div><div class="infos-produit-1"><div class="prix-actuel"><span>6.70€</span></div></div><div class="infos-produit-2"><a title="Voir le produit" href="../../hygi%25C3%25A8ne-beaut%25C3%25A9/visage/bain-de-bouche-protection-dents-et-gencives/id1/493/91128.html"><h3>LISTERINE</h3><h4>Bain de bouche protection dents et gencives</h4><h4></h4><p>
500 ml
<br/>
13.40€/l
</p></a></div><div class="mini_picto_bas"></div></div></div></td></tr><tr><td><div class="bloc-produit nouveaute"><div class="bloc-produit-content"><a title="Voir le produit" href="../../hygi%25C3%25A8ne-beaut%25C3%25A9/corps/d%25C3%25A9odorant-spray-action-jasmin/id1/492/59968.html"><img src="http://www.refonte.auchandirect.fr/static/images/products/line/59968.jpg" alt="" class="produit "/></a><div class="picto"><span class="invisible"></span></div><img alt="nouveauté" src="http://www.refonte.auchandirect.fr/static/images/ruban-nouveaute_small.png" class="ruban"/><div class="boutons-produit"><a id="addProductToBasket_62" onclick="javascript:Tapestry.waitForPage(event);" title="Ajouter au panier" class="bt-produit-ajout-panier" href="http://www.refonte.auchandirect.fr/rayon.productgridorlist.productlist.thumbnailproduct.addproducttobasket/59968?t:ac=nouveautes">Ajouter au panier</a><a id="addProductToShoppingList_113" onclick="javascript:Tapestry.waitForPage(event);" title="Ajouter à ma liste" class="bt-produit-ajout-liste" href="http://www.refonte.auchandirect.fr/rayon.productgridorlist.productlist.thumbnailproduct.addproducttoshoppinglist/59968?t:ac=nouveautes">Ajouter à ma liste</a></div><div class="infos-produit-1"><div class="prix-actuel"><span>3.89€</span></div></div><div class="infos-produit-2"><a title="Voir le produit" href="../../hygi%25C3%25A8ne-beaut%25C3%25A9/corps/d%25C3%25A9odorant-spray-action-jasmin/id1/492/59968.html"><h3>NIVEA</h3><h4>Déodorant spray action jasmin</h4><h4>Pure and Natural</h4><p>
200 ml
<br/>
19.45€/l
</p></a></div><div class="mini_picto_bas"></div></div></div></td><td><div class="bloc-produit nouveaute"><div class="bloc-produit-content"><a title="Voir le produit" href="../../hygi%25C3%25A8ne-beaut%25C3%25A9/cheveux/masque-r%25C3%25A9parateur/id1/491/91573.html"><img src="http://www.refonte.auchandirect.fr/static/images/products/line/91573.jpg" alt="" class="produit "/></a><div class="picto"><span class="invisible"></span></div><img alt="nouveauté" src="http://www.refonte.auchandirect.fr/static/images/ruban-nouveaute_small.png" class="ruban"/><div class="boutons-produit"><a id="addProductToBasket_63" onclick="javascript:Tapestry.waitForPage(event);" title="Ajouter au panier" class="bt-produit-ajout-panier" href="http://www.refonte.auchandirect.fr/rayon.productgridorlist.productlist.thumbnailproduct.addproducttobasket/91573?t:ac=nouveautes">Ajouter au panier</a><a id="addProductToShoppingList_114" onclick="javascript:Tapestry.waitForPage(event);" title="Ajouter à ma liste" class="bt-produit-ajout-liste" href="http://www.refonte.auchandirect.fr/rayon.productgridorlist.productlist.thumbnailproduct.addproducttoshoppinglist/91573?t:ac=nouveautes">Ajouter à ma liste</a></div><div class="infos-produit-1"><div class="prix-actuel"><span>6.07€</span></div></div><div class="infos-produit-2"><a title="Voir le produit" href="../../hygi%25C3%25A8ne-beaut%25C3%25A9/cheveux/masque-r%25C3%25A9parateur/id1/491/91573.html"><h3>PANTENE</h3><h4>Masque réparateur</h4><h4></h4><p>
200 ml
<br/>
30.35€/l
</p></a></div><div class="mini_picto_bas"></div></div></div></td><td></td></tr></table><div class="pro-ecolo"><h1>Entretien</h1></div><table><tr><td><div class="bloc-produit nouveaute bientot-dispo"><div class="bloc-produit-content"><a title="Voir le produit" href="../../entretien/produits-m%25C3%25A9nagers/eau-de-javel-%25C3%25A0-l'eucalyptus/id1/497/40667.html"><img src="http://www.refonte.auchandirect.fr/static/images/products/line/40667.jpg" alt="" class="produit "/></a><div class="picto"><span class="invisible"></span></div><img alt="nouveauté" src="http://www.refonte.auchandirect.fr/static/images/ruban-nouveaute_small.png" class="ruban"/><div class="boutons-produit"><a class="bt-produit-ajout-panier disable" title="Bientôt disponible" href="javascript:void(0)">Bientôt disponible</a><a id="addProductToShoppingList_115" onclick="javascript:Tapestry.waitForPage(event);" title="Ajouter à ma liste" class="bt-produit-ajout-liste" href="http://www.refonte.auchandirect.fr/rayon.productgridorlist.productlist.thumbnailproduct.addproducttoshoppinglist/40667?t:ac=nouveautes">Ajouter à ma liste</a></div><div class="infos-produit-1"><div class="prix-actuel"><span>1.24€</span></div></div><div class="infos-produit-2"><a title="Voir le produit" href="../../entretien/produits-m%25C3%25A9nagers/eau-de-javel-%25C3%25A0-l'eucalyptus/id1/497/40667.html"><h3>AUCHAN</h3><h4>Eau de javel à l'eucalyptus</h4><h4></h4><p>
2 l
<br/>
0.62€/l
</p></a></div><div class="mini_picto_bas"></div></div></div></td><td><div class="bloc-produit nouveaute"><div class="bloc-produit-content"><a title="Voir le produit" href="../../entretien/soin-du-linge/assouplissant-dilu%25C3%25A9/id1/500/106809.html"><img src="http://www.refonte.auchandirect.fr/static/images/products/line/106809.jpg" alt="" class="produit "/></a><div class="picto"><span class="invisible"></span></div><img alt="nouveauté" src="http://www.refonte.auchandirect.fr/static/images/ruban-nouveaute_small.png" class="ruban"/><div class="boutons-produit"><a id="addProductToBasket_64" onclick="javascript:Tapestry.waitForPage(event);" title="Ajouter au panier" class="bt-produit-ajout-panier" href="http://www.refonte.auchandirect.fr/rayon.productgridorlist.productlist.thumbnailproduct.addproducttobasket/106809?t:ac=nouveautes">Ajouter au panier</a><a id="addProductToShoppingList_116" onclick="javascript:Tapestry.waitForPage(event);" title="Ajouter à ma liste" class="bt-produit-ajout-liste" href="http://www.refonte.auchandirect.fr/rayon.productgridorlist.productlist.thumbnailproduct.addproducttoshoppinglist/106809?t:ac=nouveautes">Ajouter à ma liste</a></div><div class="infos-produit-1"><div class="prix-actuel"><span>4.38€</span></div></div><div class="infos-produit-2"><a title="Voir le produit" href="../../entretien/soin-du-linge/assouplissant-dilu%25C3%25A9/id1/500/106809.html"><h3>SOUPLINE</h3><h4>Assouplissant dilué</h4><h4>Grand air</h4><p>
2l
<br/>
2.19€/l
</p></a></div><div class="mini_picto_bas"></div></div></div></td><td><div class="bloc-produit nouveaute"><div class="bloc-produit-content"><a title="Voir le produit" href="../../entretien/soin-du-linge/assouplissant-lavande/id1/500/106810.html"><img src="http://www.refonte.auchandirect.fr/static/images/products/line/106810.jpg" alt="" class="produit "/></a><div class="picto"><span class="invisible"></span></div><img alt="nouveauté" src="http://www.refonte.auchandirect.fr/static/images/ruban-nouveaute_small.png" class="ruban"/><div class="boutons-produit"><a id="addProductToBasket_65" onclick="javascript:Tapestry.waitForPage(event);" title="Ajouter au panier" class="bt-produit-ajout-panier" href="http://www.refonte.auchandirect.fr/rayon.productgridorlist.productlist.thumbnailproduct.addproducttobasket/106810?t:ac=nouveautes">Ajouter au panier</a><a id="addProductToShoppingList_117" onclick="javascript:Tapestry.waitForPage(event);" title="Ajouter à ma liste" class="bt-produit-ajout-liste" href="http://www.refonte.auchandirect.fr/rayon.productgridorlist.productlist.thumbnailproduct.addproducttoshoppinglist/106810?t:ac=nouveautes">Ajouter à ma liste</a></div><div class="infos-produit-1"><div class="prix-actuel"><span>4.38€</span></div></div><div class="infos-produit-2"><a title="Voir le produit" href="../../entretien/soin-du-linge/assouplissant-lavande/id1/500/106810.html"><h3>SOUPLINE</h3><h4>Assouplissant lavande</h4><h4></h4><p>
2 l
<br/>
2.19€/l
</p></a></div><div class="mini_picto_bas"></div></div></div></td></tr><tr><td><div class="bloc-produit nouveaute"><div class="bloc-produit-content"><a title="Voir le produit" href="../../entretien/soin-du-linge/assouplissant-hypoallerg%25C3%25A9nique/id1/500/106883.html"><img src="http://www.refonte.auchandirect.fr/static/images/products/line/106883.jpg" alt="" class="produit "/></a><div class="picto"><span class="invisible"></span></div><img alt="nouveauté" src="http://www.refonte.auchandirect.fr/static/images/ruban-nouveaute_small.png" class="ruban"/><div class="boutons-produit"><a id="addProductToBasket_66" onclick="javascript:Tapestry.waitForPage(event);" title="Ajouter au panier" class="bt-produit-ajout-panier" href="http://www.refonte.auchandirect.fr/rayon.productgridorlist.productlist.thumbnailproduct.addproducttobasket/106883?t:ac=nouveautes">Ajouter au panier</a><a id="addProductToShoppingList_118" onclick="javascript:Tapestry.waitForPage(event);" title="Ajouter à ma liste" class="bt-produit-ajout-liste" href="http://www.refonte.auchandirect.fr/rayon.productgridorlist.productlist.thumbnailproduct.addproducttoshoppinglist/106883?t:ac=nouveautes">Ajouter à ma liste</a></div><div class="infos-produit-1"><div class="prix-actuel"><span>4.38€</span></div></div><div class="infos-produit-2"><a title="Voir le produit" href="../../entretien/soin-du-linge/assouplissant-hypoallerg%25C3%25A9nique/id1/500/106883.html"><h3>SOUPLINE</h3><h4>Assouplissant hypoallergénique</h4><h4></h4><p>
2 l
<br/>
2.19€/l
</p></a></div><div class="mini_picto_bas"></div></div></div></td><td></td><td></td></tr></table><div class="pro-ecolo"><h1>Animaux Maison</h1></div><table><tr><td><div class="bloc-produit nouveaute"><div class="bloc-produit-content"><a title="Voir le produit" href="../../animaux-maison/maison-pratique/pile-alcaline-9v-6lr61/id1/505/79043.html"><img src="http://www.refonte.auchandirect.fr/static/images/products/line/79043.jpg" alt="" class="produit "/></a><div class="picto"><span class="invisible"></span></div><img alt="nouveauté" src="http://www.refonte.auchandirect.fr/static/images/ruban-nouveaute_small.png" class="ruban"/><div class="boutons-produit"><a id="addProductToBasket_67" onclick="javascript:Tapestry.waitForPage(event);" title="Ajouter au panier" class="bt-produit-ajout-panier" href="http://www.refonte.auchandirect.fr/rayon.productgridorlist.productlist.thumbnailproduct.addproducttobasket/79043?t:ac=nouveautes">Ajouter au panier</a><a id="addProductToShoppingList_119" onclick="javascript:Tapestry.waitForPage(event);" title="Ajouter à ma liste" class="bt-produit-ajout-liste" href="http://www.refonte.auchandirect.fr/rayon.productgridorlist.productlist.thumbnailproduct.addproducttoshoppinglist/79043?t:ac=nouveautes">Ajouter à ma liste</a></div><div class="infos-produit-1"><div class="prix-actuel"><span>3.53€</span></div></div><div class="infos-produit-2"><a title="Voir le produit" href="../../animaux-maison/maison-pratique/pile-alcaline-9v-6lr61/id1/505/79043.html"><h3>AUCHAN</h3><h4>Pile alcaline 9V 6LR61</h4><h4>Premium</h4><p>
1 pièce
<br/>
3.53€/pièce
</p></a></div><div class="mini_picto_bas"></div></div></div></td><td><div class="bloc-produit nouveaute"><div class="bloc-produit-content"><a title="Voir le produit" href="../../animaux-maison/maison-pratique/ampoule-eco-30-classic-105w-e27/id1/505/74412.html"><img src="http://www.refonte.auchandirect.fr/static/images/products/line/74412.jpg" alt="" class="produit "/></a><div class="picto"><span class="invisible"></span></div><img alt="nouveauté" src="http://www.refonte.auchandirect.fr/static/images/ruban-nouveaute_small.png" class="ruban"/><div class="boutons-produit"><a id="addProductToBasket_68" onclick="javascript:Tapestry.waitForPage(event);" title="Ajouter au panier" class="bt-produit-ajout-panier" href="http://www.refonte.auchandirect.fr/rayon.productgridorlist.productlist.thumbnailproduct.addproducttobasket/74412?t:ac=nouveautes">Ajouter au panier</a><a id="addProductToShoppingList_120" onclick="javascript:Tapestry.waitForPage(event);" title="Ajouter à ma liste" class="bt-produit-ajout-liste" href="http://www.refonte.auchandirect.fr/rayon.productgridorlist.productlist.thumbnailproduct.addproducttoshoppinglist/74412?t:ac=nouveautes">Ajouter à ma liste</a></div><div class="infos-produit-1"><div class="prix-actuel"><span>4.31€</span></div></div><div class="infos-produit-2"><a title="Voir le produit" href="../../animaux-maison/maison-pratique/ampoule-eco-30-classic-105w-e27/id1/505/74412.html"><h3>PHILIPS</h3><h4>Ampoule Eco 30 classic 105W E27</h4><h4>Eco30</h4><p>
1 pièce
<br/>
4.31€/pièce
</p></a></div><div class="mini_picto_bas"></div></div></div></td><td></td></tr></table><div class="pro-ecolo"><h1>Autres</h1></div><table><tr><td><div class="bloc-produit nouveaute"><div class="bloc-produit-content"><a title="Voir le produit" href="../../aubergine/id1/0/81990.html"><img src="http://www.refonte.auchandirect.fr/static/images/products/line/81990.jpg" alt="" class="produit "/></a><div class="picto"><span class="invisible"></span></div><img alt="nouveauté" src="http://www.refonte.auchandirect.fr/static/images/ruban-nouveaute_small.png" class="ruban"/><div class="boutons-produit"><a id="addProductToBasket_69" onclick="javascript:Tapestry.waitForPage(event);" title="Ajouter au panier" class="bt-produit-ajout-panier" href="http://www.refonte.auchandirect.fr/rayon.productgridorlist.productlist.thumbnailproduct.addproducttobasket/81990?t:ac=nouveautes">Ajouter au panier</a><a id="addProductToShoppingList_121" onclick="javascript:Tapestry.waitForPage(event);" title="Ajouter à ma liste" class="bt-produit-ajout-liste" href="http://www.refonte.auchandirect.fr/rayon.productgridorlist.productlist.thumbnailproduct.addproducttoshoppinglist/81990?t:ac=nouveautes">Ajouter à ma liste</a></div><div class="infos-produit-1"><div class="prix-actuel"><span>1.50€</span></div></div><div class="infos-produit-2"><a title="Voir le produit" href="../../aubergine/id1/0/81990.html"><h3>AUBERGINE</h3><h4>Aubergine</h4><h4>Origine Espagne</h4><p>
1 kg
<br/>
1.50€/kg
</p></a></div><div class="mini_picto_bas"><img alt="frais" src="http://www.refonte.auchandirect.fr/static/images/frais_small.jpg"/></div></div></div></td><td><div class="bloc-produit nouveaute"><div class="bloc-produit-content"><a title="Voir le produit" href="../../tzaziki/id1/0/89362.html"><img src="http://www.refonte.auchandirect.fr/static/images/products/line/89362.jpg" alt="" class="produit "/></a><div class="picto"><span class="invisible"></span></div><img alt="nouveauté" src="http://www.refonte.auchandirect.fr/static/images/ruban-nouveaute_small.png" class="ruban"/><div class="boutons-produit"><a id="addProductToBasket_70" onclick="javascript:Tapestry.waitForPage(event);" title="Ajouter au panier" class="bt-produit-ajout-panier" href="http://www.refonte.auchandirect.fr/rayon.productgridorlist.productlist.thumbnailproduct.addproducttobasket/89362?t:ac=nouveautes">Ajouter au panier</a><a id="addProductToShoppingList_122" onclick="javascript:Tapestry.waitForPage(event);" title="Ajouter à ma liste" class="bt-produit-ajout-liste" href="http://www.refonte.auchandirect.fr/rayon.productgridorlist.productlist.thumbnailproduct.addproducttoshoppinglist/89362?t:ac=nouveautes">Ajouter à ma liste</a></div><div class="infos-produit-1"><div class="prix-actuel"><span>1.49€</span></div></div><div class="infos-produit-2"><a title="Voir le produit" href="../../tzaziki/id1/0/89362.html"><h3>AUCHAN</h3><h4>Tzaziki</h4><h4></h4><p>
250 g
</p></a></div><div class="mini_picto_bas"><img alt="frais" src="http://www.refonte.auchandirect.fr/static/images/frais_small.jpg"/><img src="http://www.refonte.auchandirect.fr/static/images/DLC-garantie-6j_small.jpg"/></div></div></div></td><td><div class="bloc-produit nouveaute bientot-dispo"><div class="bloc-produit-content"><a title="Voir le produit" href="../../pates-alimentaires-de-qualit%25C3%25A9-sup%25C3%25A9rieure/id1/0/75218.html"><img src="http://www.refonte.auchandirect.fr/static/images/products/line/75218.jpg" alt="" class="produit "/></a><div class="picto"><span class="invisible"></span></div><img alt="nouveauté" src="http://www.refonte.auchandirect.fr/static/images/ruban-nouveaute_small.png" class="ruban"/><div class="boutons-produit"><a class="bt-produit-ajout-panier disable" title="Bientôt disponible" href="javascript:void(0)">Bientôt disponible</a><a id="addProductToShoppingList_123" onclick="javascript:Tapestry.waitForPage(event);" title="Ajouter à ma liste" class="bt-produit-ajout-liste" href="http://www.refonte.auchandirect.fr/rayon.productgridorlist.productlist.thumbnailproduct.addproducttoshoppinglist/75218?t:ac=nouveautes">Ajouter à ma liste</a></div><div class="infos-produit-1"><div class="prix-actuel"><span>1.38€</span></div></div><div class="infos-produit-2"><a title="Voir le produit" href="../../pates-alimentaires-de-qualit%25C3%25A9-sup%25C3%25A9rieure/id1/0/75218.html"><h3>BARILLA</h3><h4>Pates alimentaires de qualité supérieure</h4><h4>La Collezione</h4><p>
500 g
<br/>
2.76€/kg
</p></a></div><div class="mini_picto_bas"></div></div></div></td></tr><tr><td><div class="bloc-produit nouveaute"><div class="bloc-produit-content"><a title="Voir le produit" href="../../vin-bordeaux/id1/0/103476.html"><img src="http://www.refonte.auchandirect.fr/static/images/products/line/103476.jpg" alt="" class="produit "/></a><div class="picto"><span class="invisible"></span></div><img alt="nouveauté" src="http://www.refonte.auchandirect.fr/static/images/ruban-nouveaute_small.png" class="ruban"/><div class="boutons-produit"><a id="addProductToBasket_71" onclick="javascript:Tapestry.waitForPage(event);" title="Ajouter au panier" class="bt-produit-ajout-panier" href="http://www.refonte.auchandirect.fr/rayon.productgridorlist.productlist.thumbnailproduct.addproducttobasket/103476?t:ac=nouveautes">Ajouter au panier</a><a id="addProductToShoppingList_124" onclick="javascript:Tapestry.waitForPage(event);" title="Ajouter à ma liste" class="bt-produit-ajout-liste" href="http://www.refonte.auchandirect.fr/rayon.productgridorlist.productlist.thumbnailproduct.addproducttoshoppinglist/103476?t:ac=nouveautes">Ajouter à ma liste</a></div><div class="infos-produit-1"><div class="prix-actuel"><span>4.90€</span></div></div><div class="infos-produit-2"><a title="Voir le produit" href="../../vin-bordeaux/id1/0/103476.html"><h3>BORDEAUX</h3><h4>Vin Bordeaux</h4><h4></h4><p>
75 cl
<br/>
6.53€/l
</p></a></div><div class="mini_picto_bas"></div></div></div></td><td><div class="bloc-produit nouveaute bientot-dispo"><div class="bloc-produit-content"><a title="Voir le produit" href="../../bi%25C3%25A8re-blonde-5%25C2%25B0/id1/0/103116.html"><img src="http://www.refonte.auchandirect.fr/static/images/products/line/103116.jpg" alt="" class="produit "/></a><div class="picto"><span class="invisible"></span></div><img alt="nouveauté" src="http://www.refonte.auchandirect.fr/static/images/ruban-nouveaute_small.png" class="ruban"/><div class="boutons-produit"><a class="bt-produit-ajout-panier disable" title="Bientôt disponible" href="javascript:void(0)">Bientôt disponible</a><a id="addProductToShoppingList_125" onclick="javascript:Tapestry.waitForPage(event);" title="Ajouter à ma liste" class="bt-produit-ajout-liste" href="http://www.refonte.auchandirect.fr/rayon.productgridorlist.productlist.thumbnailproduct.addproducttoshoppinglist/103116?t:ac=nouveautes">Ajouter à ma liste</a></div><div class="infos-produit-1"><div class="prix-actuel"><span>5.57€</span></div></div><div class="infos-produit-2"><a title="Voir le produit" href="../../bi%25C3%25A8re-blonde-5%25C2%25B0/id1/0/103116.html"><h3>CARLSBERG BEER</h3><h4>Bière blonde 5°</h4><h4></h4><p>
1.98 l
<br/>
2.81€/l
</p></a></div><div class="mini_picto_bas"></div></div></div></td><td><div class="bloc-produit nouveaute"><div class="bloc-produit-content"><a title="Voir le produit" href="../../pont-du-rhone-rouge/id1/0/77247.html"><img src="http://www.refonte.auchandirect.fr/static/images/products/line/77247.jpg" alt="" class="produit "/></a><div class="picto"><span class="invisible"></span></div><img alt="nouveauté" src="http://www.refonte.auchandirect.fr/static/images/ruban-nouveaute_small.png" class="ruban"/><div class="boutons-produit"><a id="addProductToBasket_72" onclick="javascript:Tapestry.waitForPage(event);" title="Ajouter au panier" class="bt-produit-ajout-panier" href="http://www.refonte.auchandirect.fr/rayon.productgridorlist.productlist.thumbnailproduct.addproducttobasket/77247?t:ac=nouveautes">Ajouter au panier</a><a id="addProductToShoppingList_126" onclick="javascript:Tapestry.waitForPage(event);" title="Ajouter à ma liste" class="bt-produit-ajout-liste" href="http://www.refonte.auchandirect.fr/rayon.productgridorlist.productlist.thumbnailproduct.addproducttoshoppinglist/77247?t:ac=nouveautes">Ajouter à ma liste</a></div><div class="infos-produit-1"><div class="prix-actuel"><span>3.30€</span></div></div><div class="infos-produit-2"><a title="Voir le produit" href="../../pont-du-rhone-rouge/id1/0/77247.html"><h3>COTES DU RHONE</h3><h4>Pont du rhone rouge</h4><h4>Pont du rhone</h4><p>

<br/>
44.00€/l
</p></a></div><div class="mini_picto_bas"></div></div></div></td></tr><tr><td><div class="bloc-produit nouveaute"><div class="bloc-produit-content"><a title="Voir le produit" href="../../piles-aa-(lr06)-x4/id1/0/106853.html"><img src="http://www.refonte.auchandirect.fr/static/images/products/line/106853.jpg" alt="" class="produit "/></a><div class="picto"><span class="invisible"></span></div><img alt="nouveauté" src="http://www.refonte.auchandirect.fr/static/images/ruban-nouveaute_small.png" class="ruban"/><div class="boutons-produit"><a id="addProductToBasket_73" onclick="javascript:Tapestry.waitForPage(event);" title="Ajouter au panier" class="bt-produit-ajout-panier" href="http://www.refonte.auchandirect.fr/rayon.productgridorlist.productlist.thumbnailproduct.addproducttobasket/106853?t:ac=nouveautes">Ajouter au panier</a><a id="addProductToShoppingList_127" onclick="javascript:Tapestry.waitForPage(event);" title="Ajouter à ma liste" class="bt-produit-ajout-liste" href="http://www.refonte.auchandirect.fr/rayon.productgridorlist.productlist.thumbnailproduct.addproducttoshoppinglist/106853?t:ac=nouveautes">Ajouter à ma liste</a></div><div class="infos-produit-1"><div class="prix-actuel"><span>5.72€</span></div></div><div class="infos-produit-2"><a title="Voir le produit" href="../../piles-aa-(lr06)-x4/id1/0/106853.html"><h3>DURACELL</h3><h4>Piles AA (LR06) x4</h4><h4>Ultra power</h4><p>
1 pièce
<br/>
5.72€/pièce
</p></a></div><div class="mini_picto_bas"></div></div></div></td><td><div class="bloc-produit nouveaute"><div class="bloc-produit-content"><a title="Voir le produit" href="../../ap%25C3%25A9ritif-%25C3%25A0-base-de-vin/id1/0/99427.html"><img src="http://www.refonte.auchandirect.fr/static/images/products/line/99427.jpg" alt="" class="produit "/></a><div class="picto"><span class="invisible"></span></div><img alt="nouveauté" src="http://www.refonte.auchandirect.fr/static/images/ruban-nouveaute_small.png" class="ruban"/><div class="boutons-produit"><a id="addProductToBasket_74" onclick="javascript:Tapestry.waitForPage(event);" title="Ajouter au panier" class="bt-produit-ajout-panier" href="http://www.refonte.auchandirect.fr/rayon.productgridorlist.productlist.thumbnailproduct.addproducttobasket/99427?t:ac=nouveautes">Ajouter au panier</a><a id="addProductToShoppingList_128" onclick="javascript:Tapestry.waitForPage(event);" title="Ajouter à ma liste" class="bt-produit-ajout-liste" href="http://www.refonte.auchandirect.fr/rayon.productgridorlist.productlist.thumbnailproduct.addproducttoshoppinglist/99427?t:ac=nouveautes">Ajouter à ma liste</a></div><div class="infos-produit-1"><div class="prix-actuel"><span>9.01€</span></div></div><div class="infos-produit-2"><a title="Voir le produit" href="../../ap%25C3%25A9ritif-%25C3%25A0-base-de-vin/id1/0/99427.html"><h3>MARTINI</h3><h4>Apéritif à base de vin</h4><h4></h4><p>
75 cl
<br/>
120.13€/l
</p></a></div><div class="mini_picto_bas"></div></div></div></td><td><div class="bloc-produit nouveaute"><div class="bloc-produit-content"><a title="Voir le produit" href="../../ap%25C3%25A9ritif-%25C3%25A0-base-de-vin/id1/0/99428.html"><img src="http://www.refonte.auchandirect.fr/static/images/products/line/99428.jpg" alt="" class="produit "/></a><div class="picto"><span class="invisible"></span></div><img alt="nouveauté" src="http://www.refonte.auchandirect.fr/static/images/ruban-nouveaute_small.png" class="ruban"/><div class="boutons-produit"><a id="addProductToBasket_75" onclick="javascript:Tapestry.waitForPage(event);" title="Ajouter au panier" class="bt-produit-ajout-panier" href="http://www.refonte.auchandirect.fr/rayon.productgridorlist.productlist.thumbnailproduct.addproducttobasket/99428?t:ac=nouveautes">Ajouter au panier</a><a id="addProductToShoppingList_129" onclick="javascript:Tapestry.waitForPage(event);" title="Ajouter à ma liste" class="bt-produit-ajout-liste" href="http://www.refonte.auchandirect.fr/rayon.productgridorlist.productlist.thumbnailproduct.addproducttoshoppinglist/99428?t:ac=nouveautes">Ajouter à ma liste</a></div><div class="infos-produit-1"><div class="prix-actuel"><span>9.01€</span></div></div><div class="infos-produit-2"><a title="Voir le produit" href="../../ap%25C3%25A9ritif-%25C3%25A0-base-de-vin/id1/0/99428.html"><h3>MARTINI</h3><h4>Apéritif à base de vin</h4><h4></h4><p>
75 cl
<br/>
120.13€/l
</p></a></div><div class="mini_picto_bas"></div></div></div></td></tr><tr><td><div class="bloc-produit nouveaute"><div class="bloc-produit-content"><a title="Voir le produit" href="../../golden-croquette/id1/0/109659.html"><img src="http://www.refonte.auchandirect.fr/static/images/products/line/109659.jpg" alt="" class="produit "/></a><div class="picto"><span class="invisible"></span></div><img alt="nouveauté" src="http://www.refonte.auchandirect.fr/static/images/ruban-nouveaute_small.png" class="ruban"/><div class="boutons-produit"><a id="addProductToBasket_76" onclick="javascript:Tapestry.waitForPage(event);" title="Ajouter au panier" class="bt-produit-ajout-panier" href="http://www.refonte.auchandirect.fr/rayon.productgridorlist.productlist.thumbnailproduct.addproducttobasket/109659?t:ac=nouveautes">Ajouter au panier</a><a id="addProductToShoppingList_130" onclick="javascript:Tapestry.waitForPage(event);" title="Ajouter à ma liste" class="bt-produit-ajout-liste" href="http://www.refonte.auchandirect.fr/rayon.productgridorlist.productlist.thumbnailproduct.addproducttoshoppinglist/109659?t:ac=nouveautes">Ajouter à ma liste</a></div><div class="infos-produit-1"><div class="prix-actuel"><span>4.49€</span></div></div><div class="infos-produit-2"><a title="Voir le produit" href="../../golden-croquette/id1/0/109659.html"><h3>MC CAIN</h3><h4>Golden croquette</h4><h4></h4><p>
2 kg
<br/>
2.25€/pièce
</p></a></div><div class="mini_picto_bas"><img alt="surgele" src="http://www.refonte.auchandirect.fr/static/images/surgele_small.jpg"/></div></div></div></td><td><div class="bloc-produit nouveaute"><div class="bloc-produit-content"><a title="Voir le produit" href="../../cr%25C3%25A8me-capillaire/id1/0/70721.html"><img src="http://www.refonte.auchandirect.fr/static/images/products/line/70721.jpg" alt="" class="produit "/></a><div class="picto"><span class="invisible"></span></div><img alt="nouveauté" src="http://www.refonte.auchandirect.fr/static/images/ruban-nouveaute_small.png" class="ruban"/><div class="boutons-produit"><a id="addProductToBasket_77" onclick="javascript:Tapestry.waitForPage(event);" title="Ajouter au panier" class="bt-produit-ajout-panier" href="http://www.refonte.auchandirect.fr/rayon.productgridorlist.productlist.thumbnailproduct.addproducttobasket/70721?t:ac=nouveautes">Ajouter au panier</a><a id="addProductToShoppingList_131" onclick="javascript:Tapestry.waitForPage(event);" title="Ajouter à ma liste" class="bt-produit-ajout-liste" href="http://www.refonte.auchandirect.fr/rayon.productgridorlist.productlist.thumbnailproduct.addproducttoshoppinglist/70721?t:ac=nouveautes">Ajouter à ma liste</a></div><div class="infos-produit-1"><div class="prix-actuel"><span>2.34€</span></div></div><div class="infos-produit-2"><a title="Voir le produit" href="../../cr%25C3%25A8me-capillaire/id1/0/70721.html"><h3>PENTO</h3><h4>Crème capillaire</h4><h4></h4><p>
100 ml
<br/>
23.40€/l
</p></a></div><div class="mini_picto_bas"></div></div></div></td><td></td></tr></table></div></div></div><!-- t:zone t:id="productListZone" t:update="show">
							<t:if test="specificCategory">
								<div id="${productListDivId}" class="liste clear-container">
									<bean t:type="products/lists/productList" categoryId="categoryId" products="products" listType="displayType" specifCategory="true" />
								</div>
							<p:else>
								<div id="${productListDivId}" class="liste clear-container">
									<bean t:type="products/lists/productList" categoryId="categoryId" products="products" listType="displayType" />
								</div>
							</p:else>
							</t:if>
						</t:zone --><!-- Bannière bas --><div class="zone-admin diff-zone"></div><!--  --><div class="clear-container" id="liste-produits-infos"><p>
Si vous avez des suggestions de produits,
<a id="suggestionPopup" onclick="javascript:Tapestry.waitForPage(event);" class="orange-link" shape="rect" href="../../rayon.suggestionpopup%3Ft:ac=nouveautes.html">dites-le nous !</a><span class="backtotop"><a shape="rect" href="nouveautes.html#top">Retour en haut de page</a></span></p></div></div><div style="position: relative" class="right-content"><div style="position: relative" id="wrapper_for_fixed_content"><!-- <div id="wrapper_for_fixed_content" xmlns:t="http://tapestry.apache.org/schema/tapestry_5_1_0.xsd" xmlns:p="tapestry:parameter"> --><div id="tout-en-un-client"><div class="item first" id="tout-en-un-compte"><h3>Mon Compte</h3><p><a id="eventlink" onclick="javascript:Tapestry.waitForPage(event);" href="../../rayon.customerinfos:showsigninpopup%3Ft:ac=nouveautes.html">Identifiez-vous</a><a> - </a><a id="registerPopup" onclick="javascript:Tapestry.waitForPage(event);" href="../../rayon.customerinfos.registerpopup%3Ft:ac=nouveautes.html">Inscrivez-vous</a></p></div><div class="item" id="tout-en-un-commandes"><h3>Mes commandes</h3><p><a id="popupAuth" onclick="javascript:Tapestry.waitForPage(event);" href="../../rayon.customerinfos.popupauth%3Ft:ac=nouveautes.html">Consultez vos commandes en cours et passées</a></p></div><div class="item" id="tout-en-un-livraison"><h3>
Ma livraison
</h3><p class="t-zone" id="slotInfoZone"><a id="showSlotTab" onclick="javascript:Tapestry.waitForPage(event);" href="../../rayon.customerinfos.slotinfo.showslottab%3Ft:ac=nouveautes.html"><span class="item-texte">
Prochaine livraison possible
</span><span class="item-date">mardi 15/01 entre 08h00 et 10h00</span></a></p></div><div class="t-zone" id="accountSummaryTabContentZone"><div id="onglets"><ul class="menu menu-horizontal tabs float-container"><li><a id="basket" onclick="javascript:Tapestry.waitForPage(event);" title="Mon panier" class="onglet-panier current" href="../../rayon.customerinfos.basket%3Ft:ac=nouveautes.html"><span class="invisible">Mon panier</span></a></li><li><a id="lists" onclick="javascript:Tapestry.waitForPage(event);" title="Mes listes" class="onglet-listes " href="../../rayon.customerinfos.lists%3Ft:ac=nouveautes.html"><span class="invisible">Mes listes</span></a></li><li><a id="topBasket" onclick="javascript:Tapestry.waitForPage(event);" title="Lancer mon top panier" class="onglet-top-panier " href="../../rayon.customerinfos.topbasket%3Ft:ac=nouveautes.html"><span class="invisible">[[missing key: customerInfos.top]]</span></a></li></ul><div class="panes"><div class="item" id="panel-panier"><div class="t-zone" id="completeMiniBasketZone"><div class="t-zone" id="miniBasket"><p>Votre panier est vide</p><ul class="menu menu-horizontal"><li><a title="Voir le détails de votre panier" class="panier-bt-voir" href="../../monpanier.html"></a></li></ul></div><div class="bouton-right-container"><div class="container-bouton-type1"><a id="validateBasket" onclick="javascript:Tapestry.waitForPage(event);" class="bouton-type1" href="../../rayon.customerinfos.minibasket.validatebasket%3Ft:ac=nouveautes.html">
Valider mon panier
</a></div></div><div class="clear"></div></div></div></div></div></div></div><!-- </div> --><!-- <bean t:type="misc/commitment/expandedCommitment" /> --></div></div></div></div><!-- div class="float-container" id="footer-menu-annexe" xmlns:t="http://tapestry.apache.org/schema/tapestry_5_1_0.xsd">
	<ul class="menu menu-horizontal">
		<li>
			<t:pagelink t:page="apropos/engagement">
				<t:outputraw value="message:link.engagement.lbl" />
			</t:pagelink>
		</li>
		<li>
			<t:pagelink t:page="apropos/contact">
				<t:outputraw value="message:link.contact.lbl" />
			</t:pagelink>
		</li>
		<li>
			<t:pagelink t:page="apropos/faq">
				<t:outputraw value="message:link.faq.lbl" />
			</t:pagelink>
		</li>
		<li>
			<t:pagelink t:page="apropos/cgv">
				<t:outputraw value="message:link.cgv.lbl" />
			</t:pagelink>
		</li>
		<li>
			<t:pagelink t:page="apropos/operations">
				<t:outputraw value="message:link.operations.lbl" />
			</t:pagelink>
		</li>
		<li>
			<t:pagelink t:page="apropos/legal">
				<t:outputraw value="message:link.legal.lbl" />
			</t:pagelink>
		</li>
	</ul>
</div --><div id="footer-menu-annexe" class="float-container">
<ul class="menu menu-horizontal">
	<li><a href="http://www.refonte.auchandirect.fr/apropos/engagement">Engagements</a></li>
	<li><a href="http://www.refonte.auchandirect.fr/apropos/contact">Contactez-nous</a></li>
	<li><a href="http://www.refonte.auchandirect.fr/apropos/faq">FAQ</a></li>
	<li><a href="http://www.refonte.auchandirect.fr/apropos/cgv">Conditions g&eacute;n&eacute;rales de vente</a></li>
	<li><a href="http://www.refonte.auchandirect.fr/apropos/operations">Op&eacute;rations commerciales</a></li>
	<li><a href="http://www.refonte.auchandirect.fr/apropos/legal">Mentions l&eacute;gales</a></li>
	<li><a href="../../actus.html">Actualit&eacute;s</a> </li>
</ul>
</div>
<!-- div class="float-container" id="footer-infos" xmlns:t="http://tapestry.apache.org/schema/tapestry_5_1_0.xsd">
	<div id="info-facebook">
		<a href="http://www.facebook.com/Auchandirect.fr" target="_blank">
			<img width="26" height="26" alt="${message:facebook.img.alt}" src="/static/images/icone-facebook.png" />
		</a>
		<a href="http://www.facebook.com/Auchandirect.fr" target="_blank">	
			<span><t:outputraw value="message:facebook.fan.lbl" /></span>
		</a>
	</div>
	<div id="infos-contact">
		<div id="infos-contact-titre">
			<t:outputraw value="message:info.contact.lbl" />
		</div>
		<div id="infos-contact-tel">
			<t:outputraw value="message:info.phone.lbl" />
		</div>
		<div id="infos-contact-mail">
			<t:outputraw value="message:info.mail.lbl" />
		</div>
		<div id="eco-responsable">
			<img src="/static/images/picto-carton.png" width="142" height="126" alt="${message:eco.resp.alt}" />
		</div>
	</div>
</div --><div id="footer-infos" class="float-container">
<div id="info-facebook">
<a href="http://www.facebook.com/Auchandirect.fr" target="_blank"><img src="http://www.refonte.auchandirect.fr/static/images/icone-facebook.png" alt="auchandirect sur facebook" width="26" height="26" /></a><a href="http://www.facebook.com/Auchandirect.fr" target="_blank"><span>Devenez fan !</span></a>
</div>
<div id="infos-contact">
<div id="infos-contact-titre">
Contactez votre service client :
</div>
<div id="infos-contact-tel">
<strong>Par t&eacute;l&eacute;phone : 01 56 30 91 00 </strong>Du lundi au vendredi de 8H &agrave; 22H et le samedi de 9H &agrave; 18H (Appel non surtax&eacute;)
</div>
<div id="infos-contact-mail">
<strong>Par email : <a href="mailto:client@auchandirect.fr">client@auchandirect.fr</a></strong>
</div>
<div id="eco-responsable">
<img src="http://www.refonte.auchandirect.fr/static/images/picto-carton.png" alt="eco-responsable" width="142" height="126" />
</div>
</div>
</div>
</div><div class="t-zone" id="popupZone"></div><div class="t-zone" id="secondPopupZone"></div><div class="t-zone" id="closePopupZone"></div><a style="display:none;" id="showPopupLink" href="nouveautes.html#popupContent" class="fancylink"></a><div style="display:none"><div class="t-zone" id="forceAjax"></div></div><script type="text/javascript">
var gaJsHost = (("https:" == document.location.protocol) ? "https://ssl." : "http://www.");
document.write(unescape("%3Cscript src='" + gaJsHost + "google-analytics.com/ga.js' type='text/javascript'%3E%3C/script%3E"));
</script><script type="text/javascript">
var pageTracker = _gat._getTracker("UA-3062526-1");
pageTracker._initData();
pageTracker._trackPageview();
pageTracker._trackPageLoadTime();
</script><script type="text/javascript">Tapestry.onDOMLoaded(function() {
Tapestry.init({"popup":[[]],"zone":[{"update":"show","element":"headerListZone"},{"update":"show","element":"productDisplayTypeZone"},{"update":"show","element":"labelZone"},{"update":"show","element":"moreProductListZone"},{"update":"show","element":"productListZone"},{"update":"show","element":"slotInfoZone"},{"update":"show","element":"accountSummaryTabContentZone"},{"update":"show","element":"completeMiniBasketZone"},{"update":"show","element":"miniBasket"},{"update":"show","element":"popupZone"},{"update":"show","element":"secondPopupZone"},{"update":"show","element":"closePopupZone"},"forceAjax"],"linkZone":[["newsLetterPopup","forceAjax","/rayon.pagetemplate.header.headertop.newsletterpopup?t:ac=nouveautes"],["sortForm","productListZone","/rayon.productgridorlist.sortform"],["list","productListZone","/rayon.productgridorlist.list?t:ac=nouveautes"],["thumbnail","productListZone","/rayon.productgridorlist.thumbnail?t:ac=nouveautes"],["viewCat","labelZone","/rayon.productgridorlist.viewcat/404?t:ac=nouveautes"],["viewCat_0","labelZone","/rayon.productgridorlist.viewcat/408?t:ac=nouveautes"],["viewCat_1","labelZone","/rayon.productgridorlist.viewcat/407?t:ac=nouveautes"],["viewCat_2","labelZone","/rayon.productgridorlist.viewcat/406?t:ac=nouveautes"],["viewCat_3","labelZone","/rayon.productgridorlist.viewcat/413?t:ac=nouveautes"],["viewCat_4","labelZone","/rayon.productgridorlist.viewcat/409?t:ac=nouveautes"],["viewCat_5","labelZone","/rayon.productgridorlist.viewcat/411?t:ac=nouveautes"],["viewCat_6","labelZone","/rayon.productgridorlist.viewcat/410?t:ac=nouveautes"],["viewCat_7","labelZone","/rayon.productgridorlist.viewcat/405?t:ac=nouveautes"],["viewCat_8","labelZone","/rayon.productgridorlist.viewcat/412?t:ac=nouveautes"],["viewCat_9","labelZone","/rayon.productgridorlist.viewcat/414?t:ac=nouveautes"],["viewCat_10","labelZone","/rayon.productgridorlist.viewcat/415?t:ac=nouveautes"],["filterAuchan","productListZone","/rayon.productgridorlist.filterauchan?t:ac=nouveautes"],["addProductToShoppingList","forceAjax","/rayon.productgridorlist.productlist.thumbnailproduct.addproducttoshoppinglist/93038?t:ac=nouveautes"],["addProductToBasket","forceAjax","/rayon.productgridorlist.productlist.thumbnailproduct.addproducttobasket/95378?t:ac=nouveautes"],["addProductToShoppingList_0","forceAjax","/rayon.productgridorlist.productlist.thumbnailproduct.addproducttoshoppinglist/95378?t:ac=nouveautes"],["addProductToShoppingList_1","forceAjax","/rayon.productgridorlist.productlist.thumbnailproduct.addproducttoshoppinglist/109588?t:ac=nouveautes"],["addProductToShoppingList_2","forceAjax","/rayon.productgridorlist.productlist.thumbnailproduct.addproducttoshoppinglist/57699?t:ac=nouveautes"],["addProductToShoppingList_3","forceAjax","/rayon.productgridorlist.productlist.thumbnailproduct.addproducttoshoppinglist/109619?t:ac=nouveautes"],["addProductToBasket_0","forceAjax","/rayon.productgridorlist.productlist.thumbnailproduct.addproducttobasket/79482?t:ac=nouveautes"],["addProductToShoppingList_4","forceAjax","/rayon.productgridorlist.productlist.thumbnailproduct.addproducttoshoppinglist/79482?t:ac=nouveautes"],["addProductToShoppingList_5","forceAjax","/rayon.productgridorlist.productlist.thumbnailproduct.addproducttoshoppinglist/90256?t:ac=nouveautes"],["addProductToBasket_1","forceAjax","/rayon.productgridorlist.productlist.thumbnailproduct.addproducttobasket/96344?t:ac=nouveautes"],["addProductToShoppingList_6","forceAjax","/rayon.productgridorlist.productlist.thumbnailproduct.addproducttoshoppinglist/96344?t:ac=nouveautes"],["addProductToShoppingList_7","forceAjax","/rayon.productgridorlist.productlist.thumbnailproduct.addproducttoshoppinglist/78831?t:ac=nouveautes"],["addProductToShoppingList_8","forceAjax","/rayon.productgridorlist.productlist.thumbnailproduct.addproducttoshoppinglist/72035?t:ac=nouveautes"],["addProductToBasket_2","forceAjax","/rayon.productgridorlist.productlist.thumbnailproduct.addproducttobasket/80145?t:ac=nouveautes"],["addProductToShoppingList_9","forceAjax","/rayon.productgridorlist.productlist.thumbnailproduct.addproducttoshoppinglist/80145?t:ac=nouveautes"],["addProductToBasket_3","forceAjax","/rayon.productgridorlist.productlist.thumbnailproduct.addproducttobasket/3531?t:ac=nouveautes"],["addProductToShoppingList_10","forceAjax","/rayon.productgridorlist.productlist.thumbnailproduct.addproducttoshoppinglist/3531?t:ac=nouveautes"],["addProductToShoppingList_11","forceAjax","/rayon.productgridorlist.productlist.thumbnailproduct.addproducttoshoppinglist/99544?t:ac=nouveautes"],["addProductToBasket_4","forceAjax","/rayon.productgridorlist.productlist.thumbnailproduct.addproducttobasket/87649?t:ac=nouveautes"],["addProductToShoppingList_12","forceAjax","/rayon.productgridorlist.productlist.thumbnailproduct.addproducttoshoppinglist/87649?t:ac=nouveautes"],["addProductToShoppingList_13","forceAjax","/rayon.productgridorlist.productlist.thumbnailproduct.addproducttoshoppinglist/87526?t:ac=nouveautes"],["addProductToShoppingList_14","forceAjax","/rayon.productgridorlist.productlist.thumbnailproduct.addproducttoshoppinglist/50835?t:ac=nouveautes"],["addProductToShoppingList_15","forceAjax","/rayon.productgridorlist.productlist.thumbnailproduct.addproducttoshoppinglist/88796?t:ac=nouveautes"],["addProductToBasket_5","forceAjax","/rayon.productgridorlist.productlist.thumbnailproduct.addproducttobasket/86139?t:ac=nouveautes"],["addProductToShoppingList_16","forceAjax","/rayon.productgridorlist.productlist.thumbnailproduct.addproducttoshoppinglist/86139?t:ac=nouveautes"],["addProductToBasket_6","forceAjax","/rayon.productgridorlist.productlist.thumbnailproduct.addproducttobasket/86284?t:ac=nouveautes"],["addProductToShoppingList_17","forceAjax","/rayon.productgridorlist.productlist.thumbnailproduct.addproducttoshoppinglist/86284?t:ac=nouveautes"],["addProductToBasket_7","forceAjax","/rayon.productgridorlist.productlist.thumbnailproduct.addproducttobasket/105249?t:ac=nouveautes"],["addProductToShoppingList_18","forceAjax","/rayon.productgridorlist.productlist.thumbnailproduct.addproducttoshoppinglist/105249?t:ac=nouveautes"],["addProductToBasket_8","forceAjax","/rayon.productgridorlist.productlist.thumbnailproduct.addproducttobasket/86494?t:ac=nouveautes"],["addProductToShoppingList_19","forceAjax","/rayon.productgridorlist.productlist.thumbnailproduct.addproducttoshoppinglist/86494?t:ac=nouveautes"],["addProductToBasket_9","forceAjax","/rayon.productgridorlist.productlist.thumbnailproduct.addproducttobasket/86549?t:ac=nouveautes"],["addProductToShoppingList_20","forceAjax","/rayon.productgridorlist.productlist.thumbnailproduct.addproducttoshoppinglist/86549?t:ac=nouveautes"],["addProductToBasket_10","forceAjax","/rayon.productgridorlist.productlist.thumbnailproduct.addproducttobasket/86125?t:ac=nouveautes"],["addProductToShoppingList_21","forceAjax","/rayon.productgridorlist.productlist.thumbnailproduct.addproducttoshoppinglist/86125?t:ac=nouveautes"],["addProductToBasket_11","forceAjax","/rayon.productgridorlist.productlist.thumbnailproduct.addproducttobasket/92132?t:ac=nouveautes"],["addProductToShoppingList_22","forceAjax","/rayon.productgridorlist.productlist.thumbnailproduct.addproducttoshoppinglist/92132?t:ac=nouveautes"],["addProductToBasket_12","forceAjax","/rayon.productgridorlist.productlist.thumbnailproduct.addproducttobasket/92131?t:ac=nouveautes"],["addProductToShoppingList_23","forceAjax","/rayon.productgridorlist.productlist.thumbnailproduct.addproducttoshoppinglist/92131?t:ac=nouveautes"],["addProductToShoppingList_24","forceAjax","/rayon.productgridorlist.productlist.thumbnailproduct.addproducttoshoppinglist/79779?t:ac=nouveautes"],["addProductToShoppingList_25","forceAjax","/rayon.productgridorlist.productlist.thumbnailproduct.addproducttoshoppinglist/79793?t:ac=nouveautes"],["addProductToShoppingList_26","forceAjax","/rayon.productgridorlist.productlist.thumbnailproduct.addproducttoshoppinglist/83100?t:ac=nouveautes"],["addProductToShoppingList_27","forceAjax","/rayon.productgridorlist.productlist.thumbnailproduct.addproducttoshoppinglist/83504?t:ac=nouveautes"],["addProductToShoppingList_28","forceAjax","/rayon.productgridorlist.productlist.thumbnailproduct.addproducttoshoppinglist/83099?t:ac=nouveautes"],["addProductToShoppingList_29","forceAjax","/rayon.productgridorlist.productlist.thumbnailproduct.addproducttoshoppinglist/86112?t:ac=nouveautes"],["addProductToBasket_13","forceAjax","/rayon.productgridorlist.productlist.thumbnailproduct.addproducttobasket/88580?t:ac=nouveautes"],["addProductToShoppingList_30","forceAjax","/rayon.productgridorlist.productlist.thumbnailproduct.addproducttoshoppinglist/88580?t:ac=nouveautes"],["addProductToBasket_14","forceAjax","/rayon.productgridorlist.productlist.thumbnailproduct.addproducttobasket/106438?t:ac=nouveautes"],["addProductToShoppingList_31","forceAjax","/rayon.productgridorlist.productlist.thumbnailproduct.addproducttoshoppinglist/106438?t:ac=nouveautes"],["addProductToBasket_15","forceAjax","/rayon.productgridorlist.productlist.thumbnailproduct.addproducttobasket/106439?t:ac=nouveautes"],["addProductToShoppingList_32","forceAjax","/rayon.productgridorlist.productlist.thumbnailproduct.addproducttoshoppinglist/106439?t:ac=nouveautes"],["addProductToBasket_16","forceAjax","/rayon.productgridorlist.productlist.thumbnailproduct.addproducttobasket/102721?t:ac=nouveautes"],["addProductToShoppingList_33","forceAjax","/rayon.productgridorlist.productlist.thumbnailproduct.addproducttoshoppinglist/102721?t:ac=nouveautes"],["addProductToBasket_17","forceAjax","/rayon.productgridorlist.productlist.thumbnailproduct.addproducttobasket/106787?t:ac=nouveautes"],["addProductToShoppingList_34","forceAjax","/rayon.productgridorlist.productlist.thumbnailproduct.addproducttoshoppinglist/106787?t:ac=nouveautes"],["addProductToShoppingList_35","forceAjax","/rayon.productgridorlist.productlist.thumbnailproduct.addproducttoshoppinglist/106785?t:ac=nouveautes"],["addProductToShoppingList_36","forceAjax","/rayon.productgridorlist.productlist.thumbnailproduct.addproducttoshoppinglist/3557?t:ac=nouveautes"],["addProductToBasket_18","forceAjax","/rayon.productgridorlist.productlist.thumbnailproduct.addproducttobasket/29618?t:ac=nouveautes"],["addProductToShoppingList_37","forceAjax","/rayon.productgridorlist.productlist.thumbnailproduct.addproducttoshoppinglist/29618?t:ac=nouveautes"],["addProductToBasket_19","forceAjax","/rayon.productgridorlist.productlist.thumbnailproduct.addproducttobasket/43309?t:ac=nouveautes"],["addProductToShoppingList_38","forceAjax","/rayon.productgridorlist.productlist.thumbnailproduct.addproducttoshoppinglist/43309?t:ac=nouveautes"],["addProductToBasket_20","forceAjax","/rayon.productgridorlist.productlist.thumbnailproduct.addproducttobasket/49169?t:ac=nouveautes"],["addProductToShoppingList_39","forceAjax","/rayon.productgridorlist.productlist.thumbnailproduct.addproducttoshoppinglist/49169?t:ac=nouveautes"],["addProductToBasket_21","forceAjax","/rayon.productgridorlist.productlist.thumbnailproduct.addproducttobasket/60150?t:ac=nouveautes"],["addProductToShoppingList_40","forceAjax","/rayon.productgridorlist.productlist.thumbnailproduct.addproducttoshoppinglist/60150?t:ac=nouveautes"],["addProductToShoppingList_41","forceAjax","/rayon.productgridorlist.productlist.thumbnailproduct.addproducttoshoppinglist/87206?t:ac=nouveautes"],["addProductToBasket_22","forceAjax","/rayon.productgridorlist.productlist.thumbnailproduct.addproducttobasket/85876?t:ac=nouveautes"],["addProductToShoppingList_42","forceAjax","/rayon.productgridorlist.productlist.thumbnailproduct.addproducttoshoppinglist/85876?t:ac=nouveautes"],["addProductToBasket_23","forceAjax","/rayon.productgridorlist.productlist.thumbnailproduct.addproducttobasket/44689?t:ac=nouveautes"],["addProductToShoppingList_43","forceAjax","/rayon.productgridorlist.productlist.thumbnailproduct.addproducttoshoppinglist/44689?t:ac=nouveautes"],["addProductToShoppingList_44","forceAjax","/rayon.productgridorlist.productlist.thumbnailproduct.addproducttoshoppinglist/87993?t:ac=nouveautes"],["addProductToBasket_24","forceAjax","/rayon.productgridorlist.productlist.thumbnailproduct.addproducttobasket/96421?t:ac=nouveautes"],["addProductToShoppingList_45","forceAjax","/rayon.productgridorlist.productlist.thumbnailproduct.addproducttoshoppinglist/96421?t:ac=nouveautes"],["addProductToBasket_25","forceAjax","/rayon.productgridorlist.productlist.thumbnailproduct.addproducttobasket/98390?t:ac=nouveautes"],["addProductToShoppingList_46","forceAjax","/rayon.productgridorlist.productlist.thumbnailproduct.addproducttoshoppinglist/98390?t:ac=nouveautes"],["addProductToBasket_26","forceAjax","/rayon.productgridorlist.productlist.thumbnailproduct.addproducttobasket/85960?t:ac=nouveautes"],["addProductToShoppingList_47","forceAjax","/rayon.productgridorlist.productlist.thumbnailproduct.addproducttoshoppinglist/85960?t:ac=nouveautes"],["addProductToBasket_27","forceAjax","/rayon.productgridorlist.productlist.thumbnailproduct.addproducttobasket/102170?t:ac=nouveautes"],["addProductToShoppingList_48","forceAjax","/rayon.productgridorlist.productlist.thumbnailproduct.addproducttoshoppinglist/102170?t:ac=nouveautes"],["addProductToBasket_28","forceAjax","/rayon.productgridorlist.productlist.thumbnailproduct.addproducttobasket/102646?t:ac=nouveautes"],["addProductToShoppingList_49","forceAjax","/rayon.productgridorlist.productlist.thumbnailproduct.addproducttoshoppinglist/102646?t:ac=nouveautes"],["addProductToBasket_29","forceAjax","/rayon.productgridorlist.productlist.thumbnailproduct.addproducttobasket/102462?t:ac=nouveautes"],["addProductToShoppingList_50","forceAjax","/rayon.productgridorlist.productlist.thumbnailproduct.addproducttoshoppinglist/102462?t:ac=nouveautes"],["addProductToBasket_30","forceAjax","/rayon.productgridorlist.productlist.thumbnailproduct.addproducttobasket/108057?t:ac=nouveautes"],["addProductToShoppingList_51","forceAjax","/rayon.productgridorlist.productlist.thumbnailproduct.addproducttoshoppinglist/108057?t:ac=nouveautes"],["addProductToShoppingList_52","forceAjax","/rayon.productgridorlist.productlist.thumbnailproduct.addproducttoshoppinglist/29623?t:ac=nouveautes"],["addProductToBasket_31","forceAjax","/rayon.productgridorlist.productlist.thumbnailproduct.addproducttobasket/105521?t:ac=nouveautes"],["addProductToShoppingList_53","forceAjax","/rayon.productgridorlist.productlist.thumbnailproduct.addproducttoshoppinglist/105521?t:ac=nouveautes"],["addProductToBasket_32","forceAjax","/rayon.productgridorlist.productlist.thumbnailproduct.addproducttobasket/105522?t:ac=nouveautes"],["addProductToShoppingList_54","forceAjax","/rayon.productgridorlist.productlist.thumbnailproduct.addproducttoshoppinglist/105522?t:ac=nouveautes"],["addProductToBasket_33","forceAjax","/rayon.productgridorlist.productlist.thumbnailproduct.addproducttobasket/92103?t:ac=nouveautes"],["addProductToShoppingList_55","forceAjax","/rayon.productgridorlist.productlist.thumbnailproduct.addproducttoshoppinglist/92103?t:ac=nouveautes"],["addProductToBasket_34","forceAjax","/rayon.productgridorlist.productlist.thumbnailproduct.addproducttobasket/42067?t:ac=nouveautes"],["addProductToShoppingList_56","forceAjax","/rayon.productgridorlist.productlist.thumbnailproduct.addproducttoshoppinglist/42067?t:ac=nouveautes"],["addProductToShoppingList_57","forceAjax","/rayon.productgridorlist.productlist.thumbnailproduct.addproducttoshoppinglist/86713?t:ac=nouveautes"],["addProductToShoppingList_58","forceAjax","/rayon.productgridorlist.productlist.thumbnailproduct.addproducttoshoppinglist/31932?t:ac=nouveautes"],["addProductToBasket_35","forceAjax","/rayon.productgridorlist.productlist.thumbnailproduct.addproducttobasket/86369?t:ac=nouveautes"],["addProductToShoppingList_59","forceAjax","/rayon.productgridorlist.productlist.thumbnailproduct.addproducttoshoppinglist/86369?t:ac=nouveautes"],["addProductToShoppingList_60","forceAjax","/rayon.productgridorlist.productlist.thumbnailproduct.addproducttoshoppinglist/55470?t:ac=nouveautes"],["addProductToBasket_36","forceAjax","/rayon.productgridorlist.productlist.thumbnailproduct.addproducttobasket/97511?t:ac=nouveautes"],["addProductToShoppingList_61","forceAjax","/rayon.productgridorlist.productlist.thumbnailproduct.addproducttoshoppinglist/97511?t:ac=nouveautes"],["addProductToShoppingList_62","forceAjax","/rayon.productgridorlist.productlist.thumbnailproduct.addproducttoshoppinglist/86290?t:ac=nouveautes"],["addProductToBasket_37","forceAjax","/rayon.productgridorlist.productlist.thumbnailproduct.addproducttobasket/55499?t:ac=nouveautes"],["addProductToShoppingList_63","forceAjax","/rayon.productgridorlist.productlist.thumbnailproduct.addproducttoshoppinglist/55499?t:ac=nouveautes"],["addProductToShoppingList_64","forceAjax","/rayon.productgridorlist.productlist.thumbnailproduct.addproducttoshoppinglist/3426?t:ac=nouveautes"],["addProductToBasket_38","forceAjax","/rayon.productgridorlist.productlist.thumbnailproduct.addproducttobasket/88297?t:ac=nouveautes"],["addProductToShoppingList_65","forceAjax","/rayon.productgridorlist.productlist.thumbnailproduct.addproducttoshoppinglist/88297?t:ac=nouveautes"],["addProductToBasket_39","forceAjax","/rayon.productgridorlist.productlist.thumbnailproduct.addproducttobasket/94655?t:ac=nouveautes"],["addProductToShoppingList_66","forceAjax","/rayon.productgridorlist.productlist.thumbnailproduct.addproducttoshoppinglist/94655?t:ac=nouveautes"],["addProductToShoppingList_67","forceAjax","/rayon.productgridorlist.productlist.thumbnailproduct.addproducttoshoppinglist/17664?t:ac=nouveautes"],["addProductToBasket_40","forceAjax","/rayon.productgridorlist.productlist.thumbnailproduct.addproducttobasket/41216?t:ac=nouveautes"],["addProductToShoppingList_68","forceAjax","/rayon.productgridorlist.productlist.thumbnailproduct.addproducttoshoppinglist/41216?t:ac=nouveautes"],["addProductToBasket_41","forceAjax","/rayon.productgridorlist.productlist.thumbnailproduct.addproducttobasket/103327?t:ac=nouveautes"],["addProductToShoppingList_69","forceAjax","/rayon.productgridorlist.productlist.thumbnailproduct.addproducttoshoppinglist/103327?t:ac=nouveautes"],["addProductToBasket_42","forceAjax","/rayon.productgridorlist.productlist.thumbnailproduct.addproducttobasket/103326?t:ac=nouveautes"],["addProductToShoppingList_70","forceAjax","/rayon.productgridorlist.productlist.thumbnailproduct.addproducttoshoppinglist/103326?t:ac=nouveautes"],["addProductToShoppingList_71","forceAjax","/rayon.productgridorlist.productlist.thumbnailproduct.addproducttoshoppinglist/103333?t:ac=nouveautes"],["addProductToShoppingList_72","forceAjax","/rayon.productgridorlist.productlist.thumbnailproduct.addproducttoshoppinglist/103821?t:ac=nouveautes"],["addProductToShoppingList_73","forceAjax","/rayon.productgridorlist.productlist.thumbnailproduct.addproducttoshoppinglist/5194?t:ac=nouveautes"],["addProductToShoppingList_74","forceAjax","/rayon.productgridorlist.productlist.thumbnailproduct.addproducttoshoppinglist/37949?t:ac=nouveautes"],["addProductToShoppingList_75","forceAjax","/rayon.productgridorlist.productlist.thumbnailproduct.addproducttoshoppinglist/72336?t:ac=nouveautes"],["addProductToBasket_43","forceAjax","/rayon.productgridorlist.productlist.thumbnailproduct.addproducttobasket/92856?t:ac=nouveautes"],["addProductToShoppingList_76","forceAjax","/rayon.productgridorlist.productlist.thumbnailproduct.addproducttoshoppinglist/92856?t:ac=nouveautes"],["addProductToBasket_44","forceAjax","/rayon.productgridorlist.productlist.thumbnailproduct.addproducttobasket/106806?t:ac=nouveautes"],["addProductToShoppingList_77","forceAjax","/rayon.productgridorlist.productlist.thumbnailproduct.addproducttoshoppinglist/106806?t:ac=nouveautes"],["addProductToShoppingList_78","forceAjax","/rayon.productgridorlist.productlist.thumbnailproduct.addproducttoshoppinglist/106857?t:ac=nouveautes"],["addProductToBasket_45","forceAjax","/rayon.productgridorlist.productlist.thumbnailproduct.addproducttobasket/70168?t:ac=nouveautes"],["addProductToShoppingList_79","forceAjax","/rayon.productgridorlist.productlist.thumbnailproduct.addproducttoshoppinglist/70168?t:ac=nouveautes"],["addProductToBasket_46","forceAjax","/rayon.productgridorlist.productlist.thumbnailproduct.addproducttobasket/70478?t:ac=nouveautes"],["addProductToShoppingList_80","forceAjax","/rayon.productgridorlist.productlist.thumbnailproduct.addproducttoshoppinglist/70478?t:ac=nouveautes"],["addProductToBasket_47","forceAjax","/rayon.productgridorlist.productlist.thumbnailproduct.addproducttobasket/89169?t:ac=nouveautes"],["addProductToShoppingList_81","forceAjax","/rayon.productgridorlist.productlist.thumbnailproduct.addproducttoshoppinglist/89169?t:ac=nouveautes"],["addProductToShoppingList_82","forceAjax","/rayon.productgridorlist.productlist.thumbnailproduct.addproducttoshoppinglist/74923?t:ac=nouveautes"],["addProductToBasket_48","forceAjax","/rayon.productgridorlist.productlist.thumbnailproduct.addproducttobasket/2946?t:ac=nouveautes"],["addProductToShoppingList_83","forceAjax","/rayon.productgridorlist.productlist.thumbnailproduct.addproducttoshoppinglist/2946?t:ac=nouveautes"],["addProductToBasket_49","forceAjax","/rayon.productgridorlist.productlist.thumbnailproduct.addproducttobasket/97344?t:ac=nouveautes"],["addProductToShoppingList_84","forceAjax","/rayon.productgridorlist.productlist.thumbnailproduct.addproducttoshoppinglist/97344?t:ac=nouveautes"],["addProductToBasket_50","forceAjax","/rayon.productgridorlist.productlist.thumbnailproduct.addproducttobasket/75210?t:ac=nouveautes"],["addProductToShoppingList_85","forceAjax","/rayon.productgridorlist.productlist.thumbnailproduct.addproducttoshoppinglist/75210?t:ac=nouveautes"],["addProductToShoppingList_86","forceAjax","/rayon.productgridorlist.productlist.thumbnailproduct.addproducttoshoppinglist/75968?t:ac=nouveautes"],["addProductToShoppingList_87","forceAjax","/rayon.productgridorlist.productlist.thumbnailproduct.addproducttoshoppinglist/76038?t:ac=nouveautes"],["addProductToBasket_51","forceAjax","/rayon.productgridorlist.productlist.thumbnailproduct.addproducttobasket/44413?t:ac=nouveautes"],["addProductToShoppingList_88","forceAjax","/rayon.productgridorlist.productlist.thumbnailproduct.addproducttoshoppinglist/44413?t:ac=nouveautes"],["addProductToShoppingList_89","forceAjax","/rayon.productgridorlist.productlist.thumbnailproduct.addproducttoshoppinglist/104990?t:ac=nouveautes"],["addProductToShoppingList_90","forceAjax","/rayon.productgridorlist.productlist.thumbnailproduct.addproducttoshoppinglist/105221?t:ac=nouveautes"],["addProductToShoppingList_91","forceAjax","/rayon.productgridorlist.productlist.thumbnailproduct.addproducttoshoppinglist/61015?t:ac=nouveautes"],["addProductToBasket_52","forceAjax","/rayon.productgridorlist.productlist.thumbnailproduct.addproducttobasket/96675?t:ac=nouveautes"],["addProductToShoppingList_92","forceAjax","/rayon.productgridorlist.productlist.thumbnailproduct.addproducttoshoppinglist/96675?t:ac=nouveautes"],["addProductToShoppingList_93","forceAjax","/rayon.productgridorlist.productlist.thumbnailproduct.addproducttoshoppinglist/106377?t:ac=nouveautes"],["addProductToBasket_53","forceAjax","/rayon.productgridorlist.productlist.thumbnailproduct.addproducttobasket/74288?t:ac=nouveautes"],["addProductToShoppingList_94","forceAjax","/rayon.productgridorlist.productlist.thumbnailproduct.addproducttoshoppinglist/74288?t:ac=nouveautes"],["addProductToShoppingList_95","forceAjax","/rayon.productgridorlist.productlist.thumbnailproduct.addproducttoshoppinglist/98537?t:ac=nouveautes"],["addProductToBasket_54","forceAjax","/rayon.productgridorlist.productlist.thumbnailproduct.addproducttobasket/105228?t:ac=nouveautes"],["addProductToShoppingList_96","forceAjax","/rayon.productgridorlist.productlist.thumbnailproduct.addproducttoshoppinglist/105228?t:ac=nouveautes"],["addProductToBasket_55","forceAjax","/rayon.productgridorlist.productlist.thumbnailproduct.addproducttobasket/109095?t:ac=nouveautes"],["addProductToShoppingList_97","forceAjax","/rayon.productgridorlist.productlist.thumbnailproduct.addproducttoshoppinglist/109095?t:ac=nouveautes"],["addProductToBasket_56","forceAjax","/rayon.productgridorlist.productlist.thumbnailproduct.addproducttobasket/109096?t:ac=nouveautes"],["addProductToShoppingList_98","forceAjax","/rayon.productgridorlist.productlist.thumbnailproduct.addproducttoshoppinglist/109096?t:ac=nouveautes"],["addProductToBasket_57","forceAjax","/rayon.productgridorlist.productlist.thumbnailproduct.addproducttobasket/109097?t:ac=nouveautes"],["addProductToShoppingList_99","forceAjax","/rayon.productgridorlist.productlist.thumbnailproduct.addproducttoshoppinglist/109097?t:ac=nouveautes"],["addProductToShoppingList_100","forceAjax","/rayon.productgridorlist.productlist.thumbnailproduct.addproducttoshoppinglist/57917?t:ac=nouveautes"],["addProductToShoppingList_101","forceAjax","/rayon.productgridorlist.productlist.thumbnailproduct.addproducttoshoppinglist/80263?t:ac=nouveautes"],["addProductToShoppingList_102","forceAjax","/rayon.productgridorlist.productlist.thumbnailproduct.addproducttoshoppinglist/92126?t:ac=nouveautes"],["addProductToShoppingList_103","forceAjax","/rayon.productgridorlist.productlist.thumbnailproduct.addproducttoshoppinglist/92148?t:ac=nouveautes"],["addProductToBasket_58","forceAjax","/rayon.productgridorlist.productlist.thumbnailproduct.addproducttobasket/92149?t:ac=nouveautes"],["addProductToShoppingList_104","forceAjax","/rayon.productgridorlist.productlist.thumbnailproduct.addproducttoshoppinglist/92149?t:ac=nouveautes"],["addProductToBasket_59","forceAjax","/rayon.productgridorlist.productlist.thumbnailproduct.addproducttobasket/54140?t:ac=nouveautes"],["addProductToShoppingList_105","forceAjax","/rayon.productgridorlist.productlist.thumbnailproduct.addproducttoshoppinglist/54140?t:ac=nouveautes"],["addProductToShoppingList_106","forceAjax","/rayon.productgridorlist.productlist.thumbnailproduct.addproducttoshoppinglist/35190?t:ac=nouveautes"],["addProductToBasket_60","forceAjax","/rayon.productgridorlist.productlist.thumbnailproduct.addproducttobasket/44680?t:ac=nouveautes"],["addProductToShoppingList_107","forceAjax","/rayon.productgridorlist.productlist.thumbnailproduct.addproducttoshoppinglist/44680?t:ac=nouveautes"],["addProductToShoppingList_108","forceAjax","/rayon.productgridorlist.productlist.thumbnailproduct.addproducttoshoppinglist/82116?t:ac=nouveautes"],["addProductToShoppingList_109","forceAjax","/rayon.productgridorlist.productlist.thumbnailproduct.addproducttoshoppinglist/89281?t:ac=nouveautes"],["addProductToShoppingList_110","forceAjax","/rayon.productgridorlist.productlist.thumbnailproduct.addproducttoshoppinglist/72686?t:ac=nouveautes"],["addProductToShoppingList_111","forceAjax","/rayon.productgridorlist.productlist.thumbnailproduct.addproducttoshoppinglist/46302?t:ac=nouveautes"],["addProductToBasket_61","forceAjax","/rayon.productgridorlist.productlist.thumbnailproduct.addproducttobasket/91128?t:ac=nouveautes"],["addProductToShoppingList_112","forceAjax","/rayon.productgridorlist.productlist.thumbnailproduct.addproducttoshoppinglist/91128?t:ac=nouveautes"],["addProductToBasket_62","forceAjax","/rayon.productgridorlist.productlist.thumbnailproduct.addproducttobasket/59968?t:ac=nouveautes"],["addProductToShoppingList_113","forceAjax","/rayon.productgridorlist.productlist.thumbnailproduct.addproducttoshoppinglist/59968?t:ac=nouveautes"],["addProductToBasket_63","forceAjax","/rayon.productgridorlist.productlist.thumbnailproduct.addproducttobasket/91573?t:ac=nouveautes"],["addProductToShoppingList_114","forceAjax","/rayon.productgridorlist.productlist.thumbnailproduct.addproducttoshoppinglist/91573?t:ac=nouveautes"],["addProductToShoppingList_115","forceAjax","/rayon.productgridorlist.productlist.thumbnailproduct.addproducttoshoppinglist/40667?t:ac=nouveautes"],["addProductToBasket_64","forceAjax","/rayon.productgridorlist.productlist.thumbnailproduct.addproducttobasket/106809?t:ac=nouveautes"],["addProductToShoppingList_116","forceAjax","/rayon.productgridorlist.productlist.thumbnailproduct.addproducttoshoppinglist/106809?t:ac=nouveautes"],["addProductToBasket_65","forceAjax","/rayon.productgridorlist.productlist.thumbnailproduct.addproducttobasket/106810?t:ac=nouveautes"],["addProductToShoppingList_117","forceAjax","/rayon.productgridorlist.productlist.thumbnailproduct.addproducttoshoppinglist/106810?t:ac=nouveautes"],["addProductToBasket_66","forceAjax","/rayon.productgridorlist.productlist.thumbnailproduct.addproducttobasket/106883?t:ac=nouveautes"],["addProductToShoppingList_118","forceAjax","/rayon.productgridorlist.productlist.thumbnailproduct.addproducttoshoppinglist/106883?t:ac=nouveautes"],["addProductToBasket_67","forceAjax","/rayon.productgridorlist.productlist.thumbnailproduct.addproducttobasket/79043?t:ac=nouveautes"],["addProductToShoppingList_119","forceAjax","/rayon.productgridorlist.productlist.thumbnailproduct.addproducttoshoppinglist/79043?t:ac=nouveautes"],["addProductToBasket_68","forceAjax","/rayon.productgridorlist.productlist.thumbnailproduct.addproducttobasket/74412?t:ac=nouveautes"],["addProductToShoppingList_120","forceAjax","/rayon.productgridorlist.productlist.thumbnailproduct.addproducttoshoppinglist/74412?t:ac=nouveautes"],["addProductToBasket_69","forceAjax","/rayon.productgridorlist.productlist.thumbnailproduct.addproducttobasket/81990?t:ac=nouveautes"],["addProductToShoppingList_121","forceAjax","/rayon.productgridorlist.productlist.thumbnailproduct.addproducttoshoppinglist/81990?t:ac=nouveautes"],["addProductToBasket_70","forceAjax","/rayon.productgridorlist.productlist.thumbnailproduct.addproducttobasket/89362?t:ac=nouveautes"],["addProductToShoppingList_122","forceAjax","/rayon.productgridorlist.productlist.thumbnailproduct.addproducttoshoppinglist/89362?t:ac=nouveautes"],["addProductToShoppingList_123","forceAjax","/rayon.productgridorlist.productlist.thumbnailproduct.addproducttoshoppinglist/75218?t:ac=nouveautes"],["addProductToBasket_71","forceAjax","/rayon.productgridorlist.productlist.thumbnailproduct.addproducttobasket/103476?t:ac=nouveautes"],["addProductToShoppingList_124","forceAjax","/rayon.productgridorlist.productlist.thumbnailproduct.addproducttoshoppinglist/103476?t:ac=nouveautes"],["addProductToShoppingList_125","forceAjax","/rayon.productgridorlist.productlist.thumbnailproduct.addproducttoshoppinglist/103116?t:ac=nouveautes"],["addProductToBasket_72","forceAjax","/rayon.productgridorlist.productlist.thumbnailproduct.addproducttobasket/77247?t:ac=nouveautes"],["addProductToShoppingList_126","forceAjax","/rayon.productgridorlist.productlist.thumbnailproduct.addproducttoshoppinglist/77247?t:ac=nouveautes"],["addProductToBasket_73","forceAjax","/rayon.productgridorlist.productlist.thumbnailproduct.addproducttobasket/106853?t:ac=nouveautes"],["addProductToShoppingList_127","forceAjax","/rayon.productgridorlist.productlist.thumbnailproduct.addproducttoshoppinglist/106853?t:ac=nouveautes"],["addProductToBasket_74","forceAjax","/rayon.productgridorlist.productlist.thumbnailproduct.addproducttobasket/99427?t:ac=nouveautes"],["addProductToShoppingList_128","forceAjax","/rayon.productgridorlist.productlist.thumbnailproduct.addproducttoshoppinglist/99427?t:ac=nouveautes"],["addProductToBasket_75","forceAjax","/rayon.productgridorlist.productlist.thumbnailproduct.addproducttobasket/99428?t:ac=nouveautes"],["addProductToShoppingList_129","forceAjax","/rayon.productgridorlist.productlist.thumbnailproduct.addproducttoshoppinglist/99428?t:ac=nouveautes"],["addProductToBasket_76","forceAjax","/rayon.productgridorlist.productlist.thumbnailproduct.addproducttobasket/109659?t:ac=nouveautes"],["addProductToShoppingList_130","forceAjax","/rayon.productgridorlist.productlist.thumbnailproduct.addproducttoshoppinglist/109659?t:ac=nouveautes"],["addProductToBasket_77","forceAjax","/rayon.productgridorlist.productlist.thumbnailproduct.addproducttobasket/70721?t:ac=nouveautes"],["addProductToShoppingList_131","forceAjax","/rayon.productgridorlist.productlist.thumbnailproduct.addproducttoshoppinglist/70721?t:ac=nouveautes"],["suggestionPopup","forceAjax","/rayon.suggestionpopup?t:ac=nouveautes"],["eventlink","forceAjax","/rayon.customerinfos:showsigninpopup?t:ac=nouveautes"],["registerPopup","forceAjax","/rayon.customerinfos.registerpopup?t:ac=nouveautes"],["popupAuth","forceAjax","/rayon.customerinfos.popupauth?t:ac=nouveautes"],["showSlotTab","forceAjax","/rayon.customerinfos.slotinfo.showslottab?t:ac=nouveautes"],["basket","forceAjax","/rayon.customerinfos.basket?t:ac=nouveautes"],["lists","forceAjax","/rayon.customerinfos.lists?t:ac=nouveautes"],["topBasket","forceAjax","/rayon.customerinfos.topbasket?t:ac=nouveautes"],["validateBasket","forceAjax","/rayon.customerinfos.minibasket.validatebasket?t:ac=nouveautes"]]});
});
</script></body></html>