<!DOCTYPE html PUBLIC "-//W3C//DTD XHTML 1.0 Strict//EN" "http://www.w3.org/TR/xhtml1/DTD/xhtml1-strict.dtd"><html xmlns="http://www.w3.org/1999/xhtml"><head><meta content="text/html; charset=utf-8" http-equiv="content-type"></meta><title>Vente Produits Salés Apéritifs en ligne - Auchandirect.fr</title><!-- correction d'un bug de compatibilité tapestry/IE9 --><meta content="IE=EmulateIE8" http-equiv="X-UA-Compatible"></meta><meta content="Faites vos courses en ligne sur Auchandirect.fr! Produits Salés Apéritifs en livraison 24h dans les régions de Paris, Lyon, Marseille, Toulouse et Lille." name="description"></meta><meta content="index, follow" name="robots"></meta><meta content="0" http-equiv="expires"></meta><meta content="no-cache" http-equiv="pragma"></meta><meta content="no-store, no-cache, must-revalidate" http-equiv="cache-control"></meta><link type="text/css" rel="stylesheet" href="http://www.refonte.auchandirect.fr/assets/tapestry/5.1.0.5/default.css"></link><link type="text/css" rel="stylesheet" href="http://www.refonte.auchandirect.fr/assets/ctx/cb0cdd30e165aaa4/static/css/auchan_surcharge.css"></link><link type="text/css" rel="stylesheet" href="http://www.refonte.auchandirect.fr/assets/ctx/cb0cdd30e165aaa4/static/css/styles.css"></link><link type="text/css" rel="stylesheet" href="http://www.refonte.auchandirect.fr/assets/ctx/cb0cdd30e165aaa4/static/css/common.css"></link><link media="screen" href="http://www.refonte.auchandirect.fr/static/fancybox/jquery.fancybox-1.3.4.css" type="text/css" rel="stylesheet"></link><!--[if lte IE 7]><style type="text/css">div#engagements .item .item-picto, div#engagements
.item .item-texte, div#engagements-long .item .item-picto,
div#engagements-long .item .item-texte { display: inline; zoom:1; }</style><link media="all" type="text/css" href="/static/css/ie7.css" rel="stylesheet"></link><![endif]--><!--[if lte IE 8]><link media="all" type="text/css" href="/static/css/ie8.css" rel="stylesheet"></link><![endif]--><!--[if lte IE 9]><style type="text/css">
.liste-produits-menu a.active , .liste-produits-menu a:hover{
filter: none;}
</style><![endif]--><!--[if IE]><link media="all" type="text/css" href="/static/css/ie.css" rel="stylesheet"></link><![endif]--><script src="http://www.refonte.auchandirect.fr/assets/scriptaculous/5.1.0.5/prototype.js" type="text/javascript"></script><script src="http://www.refonte.auchandirect.fr/assets/scriptaculous/5.1.0.5/scriptaculous.js" type="text/javascript"></script><script src="http://www.refonte.auchandirect.fr/assets/scriptaculous/5.1.0.5/effects.js" type="text/javascript"></script><script src="http://www.refonte.auchandirect.fr/assets/tapestry/5.1.0.5/tapestry.js" type="text/javascript"></script><script src="http://www.refonte.auchandirect.fr/assets/tapestry/5.1.0.5/tapestry-messages.js" type="text/javascript"></script><script src="http://www.refonte.auchandirect.fr/assets/ctx/cb0cdd30e165aaa4/static/scripts/tapestry-patch.js" type="text/javascript"></script><script src="http://www.refonte.auchandirect.fr/assets/ctx/cb0cdd30e165aaa4/static/scripts/jquery.min.js" type="text/javascript"></script><script src="http://www.refonte.auchandirect.fr/assets/ctx/cb0cdd30e165aaa4/static/scripts/jquery.tools.min.js" type="text/javascript"></script><script src="http://www.refonte.auchandirect.fr/assets/ctx/cb0cdd30e165aaa4/static/fancybox/jquery.fancybox-1.3.4.js" type="text/javascript"></script><script src="http://www.refonte.auchandirect.fr/assets/ctx/cb0cdd30e165aaa4/static/scripts/cacom-custom-lib.js" type="text/javascript"></script><script src="http://www.refonte.auchandirect.fr/assets/ctx/cb0cdd30e165aaa4/static/fancybox/jquery.mousewheel-3.0.4.pack.js" type="text/javascript"></script><script src="http://www.refonte.auchandirect.fr/assets/ctx/cb0cdd30e165aaa4/static/scripts/common.js" type="text/javascript"></script><script src="http://www.refonte.auchandirect.fr/assets/ctx/cb0cdd30e165aaa4/static/scripts/ZoneUpdater.js" type="text/javascript"></script><script src="http://www.refonte.auchandirect.fr/assets/ctx/cb0cdd30e165aaa4/static/scripts/jquery.carouFredSel-5.5.0-packed.js" type="text/javascript"></script><script type="text/javascript" language="javascript">
var j = jQuery.noConflict();
j(function() {
j("#foo2").carouFredSel({
circular: true,
infinite: false,
auto : true,
scroll : {
items : "page"
},
prev : {
button : "#foo2_prev",
key : "left"
},
next : {
button : "#foo2_next",
key : "right"
},
pagination : "#foo2_pag"
});
if($(".caroufredsel_wrapper")!=null)
$(".caroufredsel_wrapper").css({
'height': '246px'
});
if($(".page_famille_carrousel")!=null)
$(".page_famille_carrousel").css({
'overflow': 'hidden'
});
});
</script></head><body style=""><div class="fiche-produit" id="page"><div id="tetiere"><div id="logo"><!-- HEADER_LOGO --><div id="logo">
<a href="../../../index.html" title="accueil"><img src="http://www.refonte.auchandirect.fr/static/images/logo-auchan.jpg" alt="Accueil" /></a>
</div>
</div><div id="pub"><?xml version="1.0" encoding="UTF-8"?><a  href="../../../commander/identification.signin.forgetpwdpopup.html"  title="Inscrivez-vous et bénéficiez de la 1ere livraison offerte avec le code BIENVENUE dès 120€ d'achats"><img src="http://www.refonte.auchandirect.fr/img/display/000/000/530/5301.jpg" /></a>
</div><!-- HEADER_HAUT_DROIT --><!-- <t:outputraw value="headerHauteDroit" /> --><div id="newsletter"><h3>Newsletter</h3><a id="newsLetterPopup" onclick="javascript:Tapestry.waitForPage(event);" href="http://www.refonte.auchandirect.fr/rayon.pagetemplate.header.headertop.newsletterpopup?t:ac=445712">Inscrivez-vous vite !</a></div></div><div id="menu-top"><div id="menu-promos"><ul class="menu menu-horizontal"><li><a title="promos" class="menu-top-promos" href="../../../rayon.customerinfos.minibasket.validatebasket%3Ft:ac=promos.html">Promotions</a></li><li><a title="nouveautes" class="menu-top-nouveautes" href="../../../nouveaut%25C3%25A9s/id0/nouveautes.html">Nouveautés</a></li></ul></div><div id="bloc-recherche"><form onsubmit="javascript:Tapestry.waitForPage(event);" action="http://www.refonte.auchandirect.fr/rayon.pagetemplate.header.headermenutop.searchform" method="post" id="searchForm" name="searchForm"><div class="t-invisible"><input value="445712" name="t:ac" type="hidden"></input><input value="H4sIAAAAAAAAAJ2QoU4DQRBAp03A1JHwB2C3CGrAUAGqIaQXPmBub7jbZndn2Z2D1mD4DwyW8BMVOP6hhmCQoBBce3UkJEVNMsnMe3lPH7B1ewBqjDP2RwFLEnLBopCqCAuK6+HI18JBJcKoqxRhwLFUGFBXpAQDJYmzgdIcyZpc5ZhIDfNmiVrODNliLyOpw/7lvLfYffnuQmcEPc1eIttzdCSwM5rgDfYt+rKfSTS+PJ4Gge2W+C/H4aaOF5E1pZTVuTMpGfbz5+Lw6uvhtQswDRs5LF9I43Dyp4NmF9iTl6RWUPmt8LYYf96fPr63ychSg5Blsmu4g06baHX6A/6kTBjLAQAA" name="t:formdata" type="hidden"></input></div><div><input title="recherche" class="texte-recherche" value="Rechercher" id="search" name="search" type="text"></input><img id="search-icon" class="t-error-icon t-invisible" alt="" src="http://www.refonte.auchandirect.fr/assets/tapestry/5.1.0.5/spacer.gif"/><input value="OK" class="recherche-submit" name="submit" type="submit"></input></div></form></div></div><div id="menu" class="float-container"><ul id="menu-principal" class="menu menu-horizontal"><li><a class="first" title="RR1002" href="445712.html#">Marché</a><div class="hovered_big_menu" id="4042"><div class="menu-panel"><div class="menu-listes-container float-container"><div class="menu-listes"><ul class="menu menu-horizontal menu_left"><li><h3><a title="RR2007" rel="page-461" href="../../../sousfamille.customerinfos.minibasket.validatebasket%3Ft:ac=404%252F461.html">Fruits</a></h3><ul class="menu"><li><a href="../../../march%25C3%25A9/fruits/fruits-de-saison/id0/592.html">Fruits de saison </a></li><li><a href="../../../march%25C3%25A9/fruits/agrumes/id0/444663.html">Agrumes</a></li><li><a href="../../../march%25C3%25A9/fruits/bananes,-fruits-exotiques/id0/589.html">Bananes, Fruits exotiques</a></li><li><a href="../../../march%25C3%25A9/fruits/pommes,-poires/id0/593.html">Pommes, Poires</a></li><li><a href="../../../march%25C3%25A9/fruits/fruits-rouges/id0/590.html">Fruits rouges</a></li><li><a href="../../../march%25C3%25A9/fruits/fruits-%25C3%25A0-noyau,-raisins/id0/596.html">Fruits à Noyau, Raisins</a></li><li><a href="../../../march%25C3%25A9/fruits/fruits-secs-et-pr%25C3%25AAts-%25C3%25A0-l'emploi/id0/595.html">Fruits Secs et Prêts à l'Emploi</a></li><li><a href="../../../march%25C3%25A9/fruits/jus-de-fruits-frais/id0/100371.html">Jus de Fruits frais</a></li></ul></li><li><h3><a title="RR2006" rel="page-463" href="../../../id3/404/463.html">Légumes</a></h3><ul class="menu"><li><a href="../../../march%25C3%25A9/l%25C3%25A9gumes/l%25C3%25A9gumes-de-saison/id0/431975.html">Légumes de saison</a></li><li><a href="../../../march%25C3%25A9/l%25C3%25A9gumes/salades,-endives,-herbes-aromatiques/id0/585.html">Salades, Endives, Herbes aromatiques</a></li><li><a href="../../../march%25C3%25A9/l%25C3%25A9gumes/tomates/id0/82017.html">Tomates</a></li><li><a href="../../../march%25C3%25A9/l%25C3%25A9gumes/aubergines,-courgettes,-poivrons/id0/583.html">Aubergines, Courgettes, Poivrons</a></li><li><a href="../../../march%25C3%25A9/l%25C3%25A9gumes/avocats,-concombres,-radis,-celeris/id0/581.html">Avocats, Concombres, Radis, Celeris</a></li><li><a href="../../../march%25C3%25A9/l%25C3%25A9gumes/carottes,-poireaux,-navets,-potirons,-choux/id0/580.html">Carottes, Poireaux, Navets, Potirons, Choux</a></li><li><a href="../../../march%25C3%25A9/l%25C3%25A9gumes/l%25C3%25A9gumes-verts,-asperges,-champignons/id0/579.html">Légumes verts, Asperges, Champignons</a></li><li><a href="../../../march%25C3%25A9/l%25C3%25A9gumes/pommes-de-terre/id0/584.html">Pommes de Terre</a></li><li><a href="../../../march%25C3%25A9/l%25C3%25A9gumes/ails,-oignons,-echalotes/id0/587.html">Ails, Oignons, Echalotes</a></li><li><a href="../../../march%25C3%25A9/l%25C3%25A9gumes/soupes-fra%25C3%25AEches,-pr%25C3%25AAts-%25C3%25A0-l'emploi,-l%25C3%25A9gumes-secs/id0/588.html">Soupes Fraîches, Prêts à l'emploi, Légumes secs</a></li></ul></li><li><h3><a title="RR2009" rel="page-460" href="../../../id3/404/460.html">Boucherie - Volaille</a></h3><ul class="menu"><li><a href="../../../march%25C3%25A9/boucherie---volaille/les-pi%25C3%25A8ces-du-boucher/id0/431977.html">Les pièces du Boucher</a></li><li><a href="../../../march%25C3%25A9/boucherie---volaille/b%25C5%2593uf/id0/601.html">Bœuf</a></li><li><a href="../../../march%25C3%25A9/boucherie---volaille/porc,-veau,-agneau/id0/600.html">Porc, Veau, Agneau</a></li><li><a href="../../../march%25C3%25A9/boucherie---volaille/poulet,-dinde,-autres-volailles/id0/603.html">Poulet, Dinde, Autres Volailles</a></li><li><a href="../../../march%25C3%25A9/boucherie---volaille/saucisse,-viandes-cuisin%25C3%25A9es,-snack,-sauce/id0/602.html">Saucisse, Viandes Cuisinées, Snack, Sauce</a></li></ul></li><li><h3><a title="RR2008" rel="page-462" href="../../../id3/404/462.html">Produits de la mer</a></h3><ul class="menu"><li><a href="../../../march%25C3%25A9/produits-de-la-mer/poissons-frais,-fruits-de-mer,-poissons-pan%25C3%25A9s/id0/597.html">Poissons frais, Fruits de Mer, Poissons Panés</a></li><li><a href="../../../march%25C3%25A9/produits-de-la-mer/poissons-fum%25C3%25A9s/id0/82012.html">Poissons Fumés</a></li><li><a href="../../../march%25C3%25A9/produits-de-la-mer/produits-ap%25C3%25A9ritifs/id0/100366.html">Produits Apéritifs</a></li><li><a href="../../../march%25C3%25A9/produits-de-la-mer/surimis/id0/100363.html">Surimis</a></li></ul></li><li><h3><a title="RR3360" rel="page-100376" href="../../../id3/404/100376.html">Pains - Viennoiseries</a></h3><ul class="menu"><li><a href="../../../march%25C3%25A9/pains---viennoiseries/pains,-pains-de-mie/id0/100377.html">Pains, Pains de mie</a></li><li><a href="../../../march%25C3%25A9/pains---viennoiseries/pains-%25C3%25A0-garnir/id0/431981.html">Pains à garnir</a></li><li><a href="../../../march%25C3%25A9/pains---viennoiseries/brioches-et-viennoiseries/id0/100381.html">Brioches et Viennoiseries</a></li></ul></li></ul><?xml version="1.0" encoding="UTF-8"?><a href="http://www.refonte.auchandirect.fr/rayon/511862"><img src="http://www.refonte.auchandirect.fr/static/vitamines.jpg" alt="Faites le plein de vitamines !" title="Faites le plein de vitamines !" width="150" height="275" /></a>    
<div class="clear"></div></div><div class="clear"></div></div></div></div></li><li><a title="RR1003" href="445712.html#">Produits laitiers<br/>Œufs</a><div class="hovered_big_menu" id="4082"><div class="menu-panel"><div class="menu-listes-container float-container"><div class="menu-listes"><ul class="menu menu-horizontal menu_left"><li><h3><a title="RR2010" rel="page-459" href="../../../id3/408/459.html">Crémerie, Oeufs</a></h3><ul class="menu"><li><a href="../../../produits-laitiers,-%25C5%2593ufs/cr%25C3%25A9merie,-oeufs/laits/id0/605.html">Laits</a></li><li><a href="../../../produits-laitiers,-%25C5%2593ufs/cr%25C3%25A9merie,-oeufs/cr%25C3%25A8mes-fra%25C3%25AEches,-sauces/id0/608.html">Crèmes Fraîches, Sauces </a></li><li><a href="../../../produits-laitiers,-%25C5%2593ufs/cr%25C3%25A9merie,-oeufs/beurres/id0/604.html">Beurres</a></li><li><a href="../../../produits-laitiers,-%25C5%2593ufs/cr%25C3%25A9merie,-oeufs/margarines/id0/607.html">Margarines</a></li><li><a href="../../../produits-laitiers,-%25C5%2593ufs/cr%25C3%25A9merie,-oeufs/oeufs/id0/606.html">Oeufs</a></li></ul></li><li><h3><a title="RR2011" rel="page-466" href="../../../id3/408/466.html">Fromages</a></h3><ul class="menu"><li><a href="../../../produits-laitiers,-%25C5%2593ufs/fromages/emmental,-comt%25C3%25A9,-rap%25C3%25A9,-parmesan/id0/431987.html">Emmental, Comté, Rapé et Parmesan</a></li><li><a href="../../../produits-laitiers,-%25C5%2593ufs/fromages/ch%25C3%25A8vres,-brebis,-bleus,-roqueforts/id0/610.html">Chèvres,  Brebis, Bleus, Roqueforts</a></li><li><a href="../../../produits-laitiers,-%25C5%2593ufs/fromages/camemberts,-coulommiers,-bries/id0/611.html">Camemberts,  Coulommiers,  Bries</a></li><li><a href="../../../produits-laitiers,-%25C5%2593ufs/fromages/sp%25C3%25A9cialit%25C3%25A9s,-aop/id0/612.html">Spécialités,  AOP</a></li><li><a href="../../../produits-laitiers,-%25C5%2593ufs/fromages/fromages-all%25C3%25A9g%25C3%25A9s/id0/618.html">Fromages Allégés</a></li><li><a href="../../../produits-laitiers,-%25C5%2593ufs/fromages/a-cuisiner,-a-tartiner,-a-fondre/id0/614.html">A cuisiner, A tartiner, A fondre</a></li><li><a href="../../../produits-laitiers,-%25C5%2593ufs/fromages/ap%25C3%25A9ritifs,-salades,-mozzarellas/id0/615.html">Apéritifs,  Salades,  Mozzarellas</a></li><li><a href="../../../produits-laitiers,-%25C5%2593ufs/fromages/enfants/id0/617.html">Enfants</a></li></ul></li><li><h3><a title="RR2012" rel="page-464" href="../../../id3/408/464.html">Yaourts, Desserts</a></h3><ul class="menu"><li><a href="../../../produits-laitiers,-%25C5%2593ufs/yaourts,-desserts/yaourts-natures,-fromages-blancs/id0/619.html">Yaourts natures, Fromages blancs</a></li><li><a href="../../../produits-laitiers,-%25C5%2593ufs/yaourts,-desserts/yaourts-aux-fruits,-aromatis%25C3%25A9s/id0/620.html">Yaourts aux fruits,  Aromatisés</a></li><li><a href="../../../produits-laitiers,-%25C5%2593ufs/yaourts,-desserts/yaourts-enfants,-a-boire/id0/621.html">Yaourts enfants, A boire</a></li><li><a href="../../../produits-laitiers,-%25C5%2593ufs/yaourts,-desserts/desserts-gourmands/id0/622.html">Desserts gourmands</a></li><li><a href="../../../produits-laitiers,-%25C5%2593ufs/yaourts,-desserts/all%25C3%25A9g%25C3%25A9s,-bien-%25C3%25AAtre/id0/623.html">Allégés,  Bien Être</a></li><li><a href="../../../produits-laitiers,-%25C5%2593ufs/yaourts,-desserts/compotes/id0/431969.html">Compotes</a></li></ul></li></ul><?xml version="1.0" encoding="UTF-8"?><a href="http://www.refonte.auchandirect.fr/rayon/593464"><img src="http://www.refonte.auchandirect.fr/static/S0213laitierV2.png" alt="La promo de la semaine au rayon laitier" title="La promo de la semaine au rayon laitier" /></a>    
<div class="clear"></div></div><div class="clear"></div></div></div></div></li><li><a title="RR1004" href="445712.html#">Charcuterie<br/>Traiteur</a><div class="hovered_big_menu" id="4072"><div class="menu-panel"><div class="menu-listes-container float-container"><div class="menu-listes"><ul class="menu menu-horizontal menu_left"><li><h3><a title="RR2013" rel="page-468" href="../../../id3/407/468.html">Charcuterie</a></h3><ul class="menu"><li><a href="../../../charcuterie-traiteur/charcuterie/jambons/id0/624.html">Jambons</a></li><li><a href="../../../charcuterie-traiteur/charcuterie/lardons,-bacon,-aides-culinaires/id0/626.html">Lardons, Bacon, Aides culinaires</a></li><li><a href="../../../charcuterie-traiteur/charcuterie/saucisses,-boudins/id0/629.html">Saucisses, Boudins</a></li><li><a href="../../../charcuterie-traiteur/charcuterie/saucissons,-p%25C3%25A2t%25C3%25A9s,-rillettes/id0/625.html">Saucissons, Pâtés, Rillettes</a></li></ul></li><li><h3><a title="RR2014" rel="page-465" href="../../../id3/407/465.html">Traiteur</a></h3><ul class="menu"><li><a href="../../../charcuterie-traiteur/traiteur/entr%25C3%25A9es,-ap%25C3%25A9ritifs/id0/630.html">Entrées, Apéritifs</a></li><li><a href="../../../charcuterie-traiteur/traiteur/salades-compos%25C3%25A9es,-crudit%25C3%25A9s,-soupes/id0/627.html">Salades Composées, Crudités, Soupes</a></li><li><a href="../../../charcuterie-traiteur/traiteur/burgers,-croques/id0/632.html">Burgers, Croques</a></li><li><a href="../../../charcuterie-traiteur/traiteur/cordons-bleus,-nuggets,-grignottes/id0/636.html">Cordons Bleus, Nuggets, Grignottes</a></li><li><a href="../../../charcuterie-traiteur/traiteur/pizzas,-tartes,-quiches/id0/631.html">Pizzas, Tartes, Quiches</a></li><li><a href="../../../charcuterie-traiteur/traiteur/p%25C3%25A2tes-fra%25C3%25AEches,-quenelles/id0/634.html">Pâtes Fraîches, Quenelles</a></li><li><a href="../../../charcuterie-traiteur/traiteur/plats-cuisin%25C3%25A9s/id0/628.html">Plats cuisinés</a></li><li><a href="../../../charcuterie-traiteur/traiteur/p%25C3%25A2tes-%25C3%25A0-tarte-et-%25C3%25A0-g%25C3%25A2teaux/id0/633.html">Pâtes à Tarte et à Gâteaux</a></li><li><a href="../../../charcuterie-traiteur/traiteur/destockage-foie-gras-et-toasts/id0/565014.html">Destockage Foie Gras et Toasts</a></li></ul></li><li><h3><a title="RR2016" rel="page-467" href="../../../id3/407/467.html">Traiteur de la Mer</a></h3><ul class="menu"><li><a href="../../../charcuterie-traiteur/traiteur-de-la-mer/poissons-fum%25C3%25A9s/id0/639.html">Poissons Fumés</a></li><li><a href="../../../charcuterie-traiteur/traiteur-de-la-mer/surimis,-poissons-pan%25C3%25A9s/id0/637.html">Surimis, Poissons panés</a></li><li><a href="../../../charcuterie-traiteur/traiteur-de-la-mer/produits-ap%25C3%25A9ritifs/id0/640.html">Produits Apéritifs</a></li></ul></li></ul><?xml version="1.0" encoding="UTF-8"?><a href="http://www.refonte.auchandirect.fr/rayon/511863"><img src="http://www.refonte.auchandirect.fr/static/jambons.jpg" alt="Le jambon...c'est meilleur en promo !" title="Le jambon...c'est meilleur en promo !" width="150" height="275" /></a>     
<div class="clear"></div></div><div class="clear"></div></div></div></div></li><li><a title="RR1005" href="445712.html#">Surgelés</a><div class="hovered_big_menu" id="4062"><div class="menu-panel"><div class="menu-listes-container float-container"><div class="menu-listes"><ul class="menu menu-horizontal menu_left"><li><h3><a title="RR2017" rel="page-472" href="../../../id3/406/472.html">Apéritifs, Entrées, Snacks</a></h3><ul class="menu"><li><a href="../../../surgel%25C3%25A9s/ap%25C3%25A9ritifs,-entr%25C3%25A9es,-snacks/ap%25C3%25A9ritifs,-petits-fours/id0/431976.html">Apéritifs, Petits fours</a></li><li><a href="../../../surgel%25C3%25A9s/ap%25C3%25A9ritifs,-entr%25C3%25A9es,-snacks/cr%25C3%25AApes,-feuillet%25C3%25A9s/id0/431978.html">Crêpes, Feuilletés</a></li><li><a href="../../../surgel%25C3%25A9s/ap%25C3%25A9ritifs,-entr%25C3%25A9es,-snacks/bun's,-burgers/id0/431979.html">Bun's, Burgers</a></li><li><a href="../../../surgel%25C3%25A9s/ap%25C3%25A9ritifs,-entr%25C3%25A9es,-snacks/coquilles,-escargots/id0/431980.html">Coquilles, Escargots</a></li></ul></li><li><h3><a title="Pizzas, Tartes, Plats cuisinés" rel="page-431964" href="../../../id3/406/431964.html">Pizzas, Tartes, Plats cuisinés</a></h3><ul class="menu"><li><a href="../../../surgel%25C3%25A9s/pizzas,-tartes,-plats-cuisin%25C3%25A9s/pizzas/id0/648.html">Pizzas</a></li><li><a href="../../../surgel%25C3%25A9s/pizzas,-tartes,-plats-cuisin%25C3%25A9s/tartes,-quiches/id0/431973.html">Tartes, Quiches</a></li><li><a href="../../../surgel%25C3%25A9s/pizzas,-tartes,-plats-cuisin%25C3%25A9s/plats-cuisin%25C3%25A9s/id0/646.html">Plats Cuisinés</a></li></ul></li><li><h3><a title="RR2019" rel="page-470" href="../../../id3/406/470.html">Viandes, Produits de la Mer</a></h3><ul class="menu"><li><a href="../../../surgel%25C3%25A9s/viandes,-produits-de-la-mer/viandes/id0/652.html">Viandes</a></li><li><a href="../../../surgel%25C3%25A9s/viandes,-produits-de-la-mer/produits-de-la-mer/id0/654.html">Produits de la Mer</a></li></ul></li><li><h3><a title="RR2018" rel="page-469" href="../../../id3/406/469.html">Légumes, Pommes de Terre, Herbes</a></h3><ul class="menu"><li><a href="../../../surgel%25C3%25A9s/l%25C3%25A9gumes,-pommes-de-terre,-herbes/frites,-pommes-de-terre/id0/647.html">Frites, Pommes de Terre</a></li><li><a href="../../../surgel%25C3%25A9s/l%25C3%25A9gumes,-pommes-de-terre,-herbes/l%25C3%25A9gumes/id0/650.html">Légumes</a></li><li><a href="../../../surgel%25C3%25A9s/l%25C3%25A9gumes,-pommes-de-terre,-herbes/herbes-aromatiques-et-sauces/id0/651.html">Herbes Aromatiques et sauces</a></li></ul></li><li><h3><a title="RR2020" rel="page-471" href="../../../id3/406/471.html">Glaces, Patisseries, Viennoiseries</a></h3><ul class="menu"><li><a href="../../../surgel%25C3%25A9s/glaces,-patisseries,-viennoiseries/glaces-individuelles/id0/657.html">Glaces Individuelles</a></li><li><a href="../../../surgel%25C3%25A9s/glaces,-patisseries,-viennoiseries/glaces-%25C3%25A0-partager/id0/653.html">Glaces à Partager</a></li><li><a href="../../../surgel%25C3%25A9s/glaces,-patisseries,-viennoiseries/p%25C3%25A2tisseries,-viennoiseries/id0/656.html">Pâtisseries, Viennoiseries</a></li><li><a href="../../../surgel%25C3%25A9s/glaces,-patisseries,-viennoiseries/accompagnements,-fruits/id0/655.html">Accompagnements, Fruits</a></li><li><a href="../../../surgel%25C3%25A9s/glaces,-patisseries,-viennoiseries/b%25C3%25BBches-de-f%25C3%25AAtes/id0/451162.html">Bûches de Fêtes</a></li></ul></li></ul><?xml version="1.0" encoding="UTF-8"?><a href="http://www.refonte.auchandirect.fr/rayon/511868"><img src="http://www.refonte.auchandirect.fr/static/S0213_surgeles.jpg" alt="La promo de la semaine au rayon surgel&eacute;s " title="La promo de la semaine au rayon surgel&eacute;s " width="150" height="275" /></a>    
<div class="clear"></div></div><div class="clear"></div></div></div></div></li><li><a title="RR1006" href="445712.html#">Epicerie<br/>Salée</a><div class="hovered_big_menu" id="4132"><div class="menu-panel"><div class="menu-listes-container float-container"><div class="menu-listes"><ul class="menu menu-horizontal menu_left"><li><h3><a title="RR2025" rel="page-479" href="../../../id3/413/479.html">Conserves, Plats Cuisinés</a></h3><ul class="menu"><li><a href="../../../epicerie-sal%25C3%25A9e/conserves,-plats-cuisin%25C3%25A9s/conserves-de-l%25C3%25A9gumes/id0/674.html">Conserves de Légumes</a></li><li><a href="../../../epicerie-sal%25C3%25A9e/conserves,-plats-cuisin%25C3%25A9s/conserves-de-poissons/id0/676.html">Conserves de Poissons</a></li><li><a href="../../../epicerie-sal%25C3%25A9e/conserves,-plats-cuisin%25C3%25A9s/plats-cuisin%25C3%25A9s/id0/677.html">Plats Cuisinés</a></li><li><a href="../../../epicerie-sal%25C3%25A9e/conserves,-plats-cuisin%25C3%25A9s/terrines,-pat%25C3%25A9s/id0/679.html">Terrines, Patés</a></li></ul></li><li><h3><a title="RR2023" rel="page-480" href="../../../id3/413/480.html">Pâtes, Riz, Purées</a></h3><ul class="menu"><li><a href="../../../epicerie-sal%25C3%25A9e/p%25C3%25A2tes,-riz,-pur%25C3%25A9es/p%25C3%25A2tes/id0/681.html">Pâtes</a></li><li><a href="../../../epicerie-sal%25C3%25A9e/p%25C3%25A2tes,-riz,-pur%25C3%25A9es/riz/id0/680.html">Riz</a></li><li><a href="../../../epicerie-sal%25C3%25A9e/p%25C3%25A2tes,-riz,-pur%25C3%25A9es/sauces-pour-p%25C3%25A2tes-et-riz/id0/431966.html">Sauces pour Pâtes et Riz</a></li><li><a href="../../../epicerie-sal%25C3%25A9e/p%25C3%25A2tes,-riz,-pur%25C3%25A9es/bl%25C3%25A9s,-semoules,-l%25C3%25A9gumes-secs/id0/678.html">Blés, Semoules, Légumes secs</a></li><li><a href="../../../epicerie-sal%25C3%25A9e/p%25C3%25A2tes,-riz,-pur%25C3%25A9es/pur%25C3%25A9es/id0/682.html">Purées</a></li></ul></li><li><h3><a title="RR2022" rel="page-481" href="../../../id3/413/481.html">Potages et Soupes</a></h3><ul class="menu"><li><a href="../../../epicerie-sal%25C3%25A9e/potages-et-soupes/format-familial/id0/683.html">Format Familial</a></li><li><a href="../../../epicerie-sal%25C3%25A9e/potages-et-soupes/format-individuel/id0/686.html">Format individuel</a></li><li><a href="../../../epicerie-sal%25C3%25A9e/potages-et-soupes/de%25CC%2581shydrate%25CC%2581es,-instantane%25CC%2581es,-croutons/id0/685.html">Déshydratées, Instantanées, Croutons</a></li></ul></li><li><h3><a title="RR2024" rel="page-482" href="../../../id3/413/482.html">Sauces, Condiments</a></h3><ul class="menu"><li><a href="../../../epicerie-sal%25C3%25A9e/sauces,-condiments/huiles/id0/692.html">Huiles</a></li><li><a href="../../../epicerie-sal%25C3%25A9e/sauces,-condiments/vinaigres,-vinaigrettes/id0/694.html">Vinaigres, Vinaigrettes</a></li><li><a href="../../../epicerie-sal%25C3%25A9e/sauces,-condiments/sauces-chaudes/id0/689.html">Sauces Chaudes</a></li><li><a href="../../../epicerie-sal%25C3%25A9e/sauces,-condiments/moutarde,-mayonnaise,-ketchup/id0/691.html">Moutarde, Mayonnaise, Ketchup</a></li><li><a href="../../../epicerie-sal%25C3%25A9e/sauces,-condiments/olives,-cornichons/id0/688.html">Olives,  Cornichons</a></li><li><a href="../../../epicerie-sal%25C3%25A9e/sauces,-condiments/sel,-poivre,-epices,-herbes/id0/695.html">Sel, Poivre, Epices, Herbes</a></li><li><a href="../../../epicerie-sal%25C3%25A9e/sauces,-condiments/bouillons,-aides-culinaires/id0/687.html">Bouillons, Aides culinaires</a></li></ul></li><li><h3><a title="RR2021" rel="page-477" href="../../../id3/413/477.html">Produits salés apéritifs</a></h3><ul class="menu"><li><a href="../../../epicerie-sal%25C3%25A9e/produits-sal%25C3%25A9s-ap%25C3%25A9ritifs/chips,-tuiles/id0/675.html">Chips, Tuiles</a></li><li><a href="../../../epicerie-sal%25C3%25A9e/produits-sal%25C3%25A9s-ap%25C3%25A9ritifs/cacahu%25C3%25A8tes,-autres-graines/id0/673.html">Cacahuètes, Autres Graines</a></li><li><a href="../../../epicerie-sal%25C3%25A9e/produits-sal%25C3%25A9s-ap%25C3%25A9ritifs/biscuits-sal%25C3%25A9s,-souffl%25C3%25A9s/id0/668.html">Biscuits salés, Soufflés</a></li><li><a href="../../../epicerie-sal%25C3%25A9e/produits-sal%25C3%25A9s-ap%25C3%25A9ritifs/autres-produits-ap%25C3%25A9ritifs/id0/669.html">Autres Produits Apéritifs</a></li></ul></li><li><h3><a title="RR3363" rel="page-143464" href="../../../id3/413/143464.html">Produits Gourmets</a></h3><ul class="menu"><li><a href="../../../epicerie-sal%25C3%25A9e/produits-gourmets/epicerie-sal%25C3%25A9e/id0/143468.html">Epicerie Salée</a></li><li><a href="../../../epicerie-sal%25C3%25A9e/produits-gourmets/epicerie-sucr%25C3%25A9e/id0/143469.html">Epicerie Sucrée</a></li></ul></li></ul><?xml version="1.0" encoding="UTF-8"?><a href="http://www.refonte.auchandirect.fr/rayon/485262"><img src="http://www.refonte.auchandirect.fr/static/S0213epiceriesalee.png" alt="La promo de la semaine au rayon &eacute;picerie sal&eacute;e" title="La promo de la semaine au rayon &eacute;picerie sal&eacute;e" width="150" height="275" /></a>     
<div class="clear"></div></div><div class="clear"></div></div></div></div></li><li><a title="RR1007" href="445712.html#">Petit-Déjeuner<br/>Epicerie Sucrée</a><div class="hovered_big_menu" id="4092"><div class="menu-panel"><div class="menu-listes-container float-container"><div class="menu-listes"><ul class="menu menu-horizontal menu_left"><li><h3><a title="RR2029" rel="page-484" href="../../../id3/409/484.html">Petit-déjeuner</a></h3><ul class="menu"><li><a href="../../../petit-d%25C3%25A9jeuner-epicerie-sucr%25C3%25A9e/petit-d%25C3%25A9jeuner/caf%25C3%25A9s,-chicor%25C3%25A9es,-chocolats/id0/710.html">Cafés, Chicorées, Chocolats</a></li><li><a href="../../../petit-d%25C3%25A9jeuner-epicerie-sucr%25C3%25A9e/petit-d%25C3%25A9jeuner/dosettes,-capsules/id0/431984.html">Dosettes, Capsules</a></li><li><a href="../../../petit-d%25C3%25A9jeuner-epicerie-sucr%25C3%25A9e/petit-d%25C3%25A9jeuner/th%25C3%25A9s,-infusions/id0/715.html">Thés, Infusions</a></li><li><a href="../../../petit-d%25C3%25A9jeuner-epicerie-sucr%25C3%25A9e/petit-d%25C3%25A9jeuner/c%25C3%25A9r%25C3%25A9ales/id0/709.html">Céréales</a></li><li><a href="../../../petit-d%25C3%25A9jeuner-epicerie-sucr%25C3%25A9e/petit-d%25C3%25A9jeuner/biscottes,-tartines/id0/708.html">Biscottes, Tartines</a></li><li><a href="../../../petit-d%25C3%25A9jeuner-epicerie-sucr%25C3%25A9e/petit-d%25C3%25A9jeuner/pains-et-viennoiseries/id0/716.html">Pains et Viennoiseries</a></li><li><a href="../../../petit-d%25C3%25A9jeuner-epicerie-sucr%25C3%25A9e/petit-d%25C3%25A9jeuner/confitures,-miels,-p%25C3%25A2tes-%25C3%25A0-tartiner/id0/712.html">Confitures, Miels, Pâtes à Tartiner</a></li><li><a href="../../../petit-d%25C3%25A9jeuner-epicerie-sucr%25C3%25A9e/petit-d%25C3%25A9jeuner/jus-de-fruits/id0/713.html">Jus de Fruits</a></li><li><a href="../../../petit-d%25C3%25A9jeuner-epicerie-sucr%25C3%25A9e/petit-d%25C3%25A9jeuner/laits/id0/714.html">Laits</a></li></ul></li><li><h3><a title="RR2026" rel="page-483" href="../../../id3/409/483.html">Biscuits, Goûters</a></h3><ul class="menu"><li><a href="../../../petit-d%25C3%25A9jeuner-epicerie-sucr%25C3%25A9e/biscuits,-go%25C3%25BBters/biscuits/id0/693.html">Biscuits</a></li><li><a href="../../../petit-d%25C3%25A9jeuner-epicerie-sucr%25C3%25A9e/biscuits,-go%25C3%25BBters/go%25C3%25BBters/id0/431989.html">Goûters </a></li><li><a href="../../../petit-d%25C3%25A9jeuner-epicerie-sucr%25C3%25A9e/biscuits,-go%25C3%25BBters/p%25C3%25A2tisseries/id0/696.html">Pâtisseries</a></li></ul></li><li><h3><a title="RR2027" rel="page-485" href="../../../id3/409/485.html">Chocolats, Confiseries</a></h3><ul class="menu"><li><a href="../../../petit-d%25C3%25A9jeuner-epicerie-sucr%25C3%25A9e/chocolats,-confiseries/tablettes-de-chocolat/id0/701.html">Tablettes de Chocolat</a></li><li><a href="../../../petit-d%25C3%25A9jeuner-epicerie-sucr%25C3%25A9e/chocolats,-confiseries/confiseries-chocolat%25C3%25A9es/id0/698.html">Confiseries Chocolatées</a></li><li><a href="../../../petit-d%25C3%25A9jeuner-epicerie-sucr%25C3%25A9e/chocolats,-confiseries/bonbons/id0/699.html">Bonbons</a></li><li><a href="../../../petit-d%25C3%25A9jeuner-epicerie-sucr%25C3%25A9e/chocolats,-confiseries/chewing-gum/id0/700.html">Chewing Gum</a></li><li><a href="../../../petit-d%25C3%25A9jeuner-epicerie-sucr%25C3%25A9e/chocolats,-confiseries/petite-confiserie/id0/702.html">Petite Confiserie</a></li></ul></li><li><h3><a title="RR2028" rel="page-486" href="../../../id3/409/486.html">Desserts, Ingrédients</a></h3><ul class="menu"><li><a href="../../../petit-d%25C3%25A9jeuner-epicerie-sucr%25C3%25A9e/desserts,-ingr%25C3%25A9dients/sucres,-farines,-levures/id0/706.html">Sucres, Farines, Levures</a></li><li><a href="../../../petit-d%25C3%25A9jeuner-epicerie-sucr%25C3%25A9e/desserts,-ingr%25C3%25A9dients/compotes,-cr%25C3%25A8mes/id0/704.html">Compotes, Crèmes</a></li><li><a href="../../../petit-d%25C3%25A9jeuner-epicerie-sucr%25C3%25A9e/desserts,-ingr%25C3%25A9dients/desserts-%25C3%25A0-pr%25C3%25A9parer/id0/703.html">Desserts à Préparer</a></li><li><a href="../../../petit-d%25C3%25A9jeuner-epicerie-sucr%25C3%25A9e/desserts,-ingr%25C3%25A9dients/fruits-au-sirop/id0/705.html">Fruits au Sirop</a></li><li><a href="../../../petit-d%25C3%25A9jeuner-epicerie-sucr%25C3%25A9e/desserts,-ingr%25C3%25A9dients/aides-%25C3%25A0-la-p%25C3%25A2tisserie/id0/707.html">Aides à la Pâtisserie</a></li></ul></li><li><h3><a title="Bien Etre, Forme" rel="page-431988" href="../../../id3/409/431988.html">Bien Etre, Forme</a></h3><ul class="menu"><li><a href="../../../petit-d%25C3%25A9jeuner-epicerie-sucr%25C3%25A9e/bien-etre,-forme/petit-d%25C3%25A9jeuner/id0/431990.html">Petit Déjeuner</a></li><li><a href="../../../petit-d%25C3%25A9jeuner-epicerie-sucr%25C3%25A9e/bien-etre,-forme/biscuits,-go%25C3%25BBters/id0/431991.html">Biscuits, Goûters</a></li><li><a href="../../../petit-d%25C3%25A9jeuner-epicerie-sucr%25C3%25A9e/bien-etre,-forme/compl%25C3%25A9ments-alimentaires/id0/431992.html">Compléments alimentaires</a></li><li><a href="../../../petit-d%25C3%25A9jeuner-epicerie-sucr%25C3%25A9e/bien-etre,-forme/sans-gluten/id0/431993.html">Sans gluten</a></li></ul></li></ul><?xml version="1.0" encoding="UTF-8"?><a href="http://www.refonte.auchandirect.fr/rayon/511864"><img src="http://www.refonte.auchandirect.fr/static/epiceriesucree.jpg" alt="Accordez-vous une pause sucr&eacute;e !" title="Accordez-vous une pause sucr&eacute;e !" width="150" height="275" /></a>    
<div class="clear"></div></div><div class="clear"></div></div></div></div></li><li><a title="RR1008" href="445712.html#">Boissons</a><div class="hovered_big_menu" id="4112"><div class="menu-panel"><div class="menu-listes-container float-container"><div class="menu-listes"><ul class="menu menu-horizontal menu_left"><li><h3><a title="RR2030" rel="page-478" href="../../../id3/411/478.html">Eaux</a></h3><ul class="menu"><li><a href="../../eaux/eaux-plates/id0/667.html">Eaux plates</a></li><li><a href="../../eaux/eaux-gazeuses/id0/663.html">Eaux gazeuses</a></li><li><a href="../../eaux/eaux-aromatis%25C3%25A9es/id0/666.html">Eaux aromatisées</a></li></ul></li><li><h3><a title="RR2031" rel="page-476" href="../../../id3/411/476.html">Jus, Softs</a></h3><ul class="menu"><li><a href="../../jus,-softs/jus-de-fruits,-l%25C3%25A9gumes/id0/672.html">Jus de fruits, Légumes</a></li><li><a href="../../jus,-softs/jus-de-fruits-frais/id0/433470.html">Jus de fruits frais</a></li><li><a href="../../jus,-softs/colas,-boissons-gazeuses/id0/671.html">Colas, Boissons gazeuses</a></li><li><a href="../../jus,-softs/boissons-aromatis%25C3%25A9es,-sirops/id0/670.html">Boissons aromatisées, Sirops</a></li><li><a href="../../jus,-softs/energ%25C3%25A9tiques,-sports/id0/431982.html">Energétiques, Sports</a></li></ul></li><li><h3><a title="RR2058" rel="page-506" href="../../../id3/411/506.html">Vins et Champagnes</a></h3><ul class="menu"><li><a href="../../vins-et-champagnes/vins-rouges/id0/822.html">Vins rouges</a></li><li><a href="../../vins-et-champagnes/vins-blancs/id0/819.html">Vins blancs</a></li><li><a href="../../vins-et-champagnes/vins-ros%25C3%25A9s/id0/821.html">Vins rosés</a></li><li><a href="../../vins-et-champagnes/champagnes-et-vins-p%25C3%25A9tillants/id0/818.html">Champagnes et vins pétillants</a></li></ul></li><li><h3><a title="RR3373" rel="page-445712" href="../../../id3/411/445712.html">Produits Salés Apéritifs</a></h3><ul class="menu"><li><a href="../chips,-tuiles/id0/445713.html">Chips, Tuiles</a></li><li><a href="../cacahu%25C3%25A8tes,-autres-graines/id0/445714.html">Cacahuètes, Autres Graines</a></li><li><a href="../biscuits-sal%25C3%25A9s,-souffl%25C3%25A9s/id0/445715.html">Biscuits Salés, Soufflés</a></li><li><a href="../autres-produits-ap%25C3%25A9ritifs/id0/445716.html">Autres Produits Apéritifs</a></li></ul></li><li><h3><a title="RR2032" rel="page-475" href="../../../id3/411/475.html">Apéritifs, Digestifs</a></h3><ul class="menu"><li><a href="../../ap%25C3%25A9ritifs,-digestifs/whiskies/id0/661.html">Whiskies</a></li><li><a href="../../ap%25C3%25A9ritifs,-digestifs/ap%25C3%25A9ritifs,-anis%25C3%25A9s/id0/662.html">Apéritifs, Anisés</a></li><li><a href="../../ap%25C3%25A9ritifs,-digestifs/digestifs/id0/658.html">Digestifs</a></li><li><a href="../../ap%25C3%25A9ritifs,-digestifs/autres-alcools/id0/431962.html">Autres alcools</a></li><li><a href="../../ap%25C3%25A9ritifs,-digestifs/sans-alcool/id0/431963.html">Sans alcool</a></li></ul></li><li><h3><a title="RR2033" rel="page-474" href="../../../id3/411/474.html">Bières, Cidres</a></h3><ul class="menu"><li><a href="../../bi%25C3%25A8res,-cidres/bi%25C3%25A8res/id0/664.html">Bières</a></li><li><a href="../../bi%25C3%25A8res,-cidres/cidres/id0/665.html">Cidres</a></li></ul></li></ul><?xml version="1.0" encoding="UTF-8"?><a href="http://www.refonte.auchandirect.fr/rayon/422512"><img src="http://www.refonte.auchandirect.fr/static/S0113_boissonscondi.jpg" alt="Pour vos boissons, pensez gros conditionnement !" title="Pour vos boissons, pensez gros conditionnement !" width="150" height="275" /></a>     
<div class="clear"></div></div><div class="clear"></div></div></div></div></li><li><a title="RR1012" href="445712.html#">Bébé</a><div class="hovered_big_menu" id="4102"><div class="menu-panel"><div class="menu-listes-container float-container"><div class="menu-listes"><ul class="menu menu-horizontal menu_left"><li><h3><a title="RR2048" rel="page-490" href="../../../id3/410/490.html">Couches, Culottes</a></h3><ul class="menu"><li><a href="../../../b%25C3%25A9b%25C3%25A9/couches,-culottes/nouveau-n%25C3%25A9s/id0/718.html">Nouveau-nés</a></li><li><a href="../../../b%25C3%25A9b%25C3%25A9/couches,-culottes/3-9-kg/id0/721.html">3-9 kg</a></li><li><a href="../../../b%25C3%25A9b%25C3%25A9/couches,-culottes/7-20-kg/id0/717.html">7-20 kg</a></li><li><a href="../../../b%25C3%25A9b%25C3%25A9/couches,-culottes/11-35-kg/id0/719.html">11-35 kg</a></li><li><a href="../../../b%25C3%25A9b%25C3%25A9/couches,-culottes/culottes/id0/720.html">Culottes</a></li></ul></li><li><h3><a title="RR2047" rel="page-487" href="../../../id3/410/487.html">Laits bébé</a></h3><ul class="menu"><li><a href="../../../b%25C3%25A9b%25C3%25A9/laits-b%25C3%25A9b%25C3%25A9/croissance/id0/725.html">Croissance</a></li><li><a href="../../../b%25C3%25A9b%25C3%25A9/laits-b%25C3%25A9b%25C3%25A9/laits-1er-age/id0/722.html">Laits 1er Age</a></li><li><a href="../../../b%25C3%25A9b%25C3%25A9/laits-b%25C3%25A9b%25C3%25A9/laits-2%25C3%25A8me-age/id0/723.html">Laits 2ème Age</a></li><li><a href="../../../b%25C3%25A9b%25C3%25A9/laits-b%25C3%25A9b%25C3%25A9/laits-infantiles-bio/id0/724.html">Laits Infantiles Bio</a></li></ul></li><li><h3><a title="RR2046" rel="page-488" href="../../../id3/410/488.html">Alimentation bébé</a></h3><ul class="menu"><li><a href="../../../b%25C3%25A9b%25C3%25A9/alimentation-b%25C3%25A9b%25C3%25A9/petit-d%25C3%25A9jeuner/id0/727.html">Petit-déjeuner</a></li><li><a href="../../../b%25C3%25A9b%25C3%25A9/alimentation-b%25C3%25A9b%25C3%25A9/petits-pots,-assiettes/id0/729.html">Petits Pots, Assiettes</a></li><li><a href="../../../b%25C3%25A9b%25C3%25A9/alimentation-b%25C3%25A9b%25C3%25A9/go%25C3%25BBters,-desserts/id0/730.html">Goûters, Desserts</a></li><li><a href="../../../b%25C3%25A9b%25C3%25A9/alimentation-b%25C3%25A9b%25C3%25A9/boissons/id0/728.html">Boissons</a></li><li><a href="../../../b%25C3%25A9b%25C3%25A9/alimentation-b%25C3%25A9b%25C3%25A9/alimentation-b%25C3%25A9b%25C3%25A9-bio/id0/726.html">Alimentation Bébé Bio</a></li></ul></li><li><h3><a title="RR2049" rel="page-489" href="../../../id3/410/489.html">Toilette et Soin</a></h3><ul class="menu"><li><a href="../../../b%25C3%25A9b%25C3%25A9/toilette-et-soin/cotons,-lingettes/id0/731.html">Cotons, Lingettes</a></li><li><a href="../../../b%25C3%25A9b%25C3%25A9/toilette-et-soin/toilette/id0/732.html">Toilette</a></li><li><a href="../../../b%25C3%25A9b%25C3%25A9/toilette-et-soin/soins/id0/733.html">Soins</a></li><li><a href="../../../b%25C3%25A9b%25C3%25A9/toilette-et-soin/accessoires-de-pu%25C3%25A9riculture/id0/736.html">Accessoires de Puériculture</a></li><li><a href="../../../b%25C3%25A9b%25C3%25A9/toilette-et-soin/pour-la-maman/id0/734.html">Pour la Maman</a></li></ul></li></ul><?xml version="1.0" encoding="UTF-8"?><a href="http://www.refonte.auchandirect.fr/rayon/112962"><img src="http://www.refonte.auchandirect.fr/static/S0213bebe.jpg" alt="Auchan Baby r&eacute;gale les b&eacute;b&eacute;s" title="Auchan Baby r&eacute;gale les b&eacute;b&eacute;s" width="150" height="275" /></a>    
<div class="clear"></div></div><div class="clear"></div></div></div></div></li><li><a title="RR1001" href="445712.html#">Bio<br/>Ecolo</a><div class="hovered_big_menu" id="4052"><div class="menu-panel"><div class="menu-listes-container float-container"><div class="menu-listes"><ul class="menu menu-horizontal menu_left"><li><h3><a title="RR2002" rel="page-456" href="../../../id3/405/456.html">Produits Frais et Surgelés Bio</a></h3><ul class="menu"><li><a href="../../../bio-ecolo/produits-frais-et-surgel%25C3%25A9s-bio/charcuterie,-traiteur/id0/575.html">Charcuterie,  Traiteur</a></li><li><a href="../../../bio-ecolo/produits-frais-et-surgel%25C3%25A9s-bio/fruits,-l%25C3%25A9gumes/id0/574.html">Fruits,  Légumes</a></li><li><a href="../../../bio-ecolo/produits-frais-et-surgel%25C3%25A9s-bio/laitages,-oeufs/id0/576.html">Laitages, Oeufs</a></li><li><a href="../../../bio-ecolo/produits-frais-et-surgel%25C3%25A9s-bio/surgel%25C3%25A9s/id0/577.html">Surgelés</a></li><li><a href="../../../bio-ecolo/produits-frais-et-surgel%25C3%25A9s-bio/viandes,-volailles,-poissons/id0/578.html">Viandes,  Volailles,  Poissons</a></li></ul></li><li><h3><a title="RR2003" rel="page-458" href="../../../id3/405/458.html">Epicerie Bio</a></h3><ul class="menu"><li><a href="../../../bio-ecolo/epicerie-bio/biscuits,-epicerie-sucr%25C3%25A9e/id0/567.html">Biscuits,  Epicerie Sucrée</a></li><li><a href="../../../bio-ecolo/epicerie-bio/petit-d%25C3%25A9jeuner/id0/573.html">Petit-déjeuner</a></li><li><a href="../../../bio-ecolo/epicerie-bio/conserves,-plats-cuisin%25C3%25A9s/id0/565.html">Conserves,  Plats Cuisinés</a></li><li><a href="../../../bio-ecolo/epicerie-bio/p%25C3%25A2tes,-riz,-c%25C3%25A9r%25C3%25A9ales/id0/570.html">Pâtes,  Riz,  Céréales</a></li><li><a href="../../../bio-ecolo/epicerie-bio/sauces,-condiments/id0/572.html">Sauces,  Condiments</a></li></ul></li><li><h3><a title="RR2004" rel="page-455" href="../../../id3/405/455.html">Boissons Bio</a></h3><ul class="menu"><li><a href="../../../bio-ecolo/boissons-bio/alcools/id0/554.html">Alcools</a></li><li><a href="../../../bio-ecolo/boissons-bio/jus-de-fruits,-l%25C3%25A9gumes/id0/557.html">Jus de Fruits,  Légumes</a></li><li><a href="../../../bio-ecolo/boissons-bio/lait,-soja,-riz/id0/563.html">Lait,  Soja, riz</a></li></ul></li><li><h3><a title="RR2001" rel="page-454" href="../../../id3/405/454.html">Bébé Bio</a></h3><ul class="menu"><li><a href="../../../bio-ecolo/b%25C3%25A9b%25C3%25A9-bio/alimentation-b%25C3%25A9b%25C3%25A9/id0/558.html">Alimentation Bébé</a></li><li><a href="../../../bio-ecolo/b%25C3%25A9b%25C3%25A9-bio/laits-b%25C3%25A9b%25C3%25A9/id0/556.html">Laits Bébé</a></li><li><a href="../../../bio-ecolo/b%25C3%25A9b%25C3%25A9-bio/toilette,-soins/id0/555.html">Toilette, Soins</a></li></ul></li><li><h3><a title="RR2005" rel="page-457" href="../../../id3/405/457.html">Entretien,  Hygiène Bio Ecolo</a></h3><ul class="menu"><li><a href="../../../bio-ecolo/entretien,-hygi%25C3%25A8ne-bio-ecolo/entretien/id0/559.html">Entretien</a></li><li><a href="../../../bio-ecolo/entretien,-hygi%25C3%25A8ne-bio-ecolo/soins-de-la-personne/id0/562.html">Soins de la Personne</a></li><li><a href="../../../bio-ecolo/entretien,-hygi%25C3%25A8ne-bio-ecolo/piles,-ampoules/id0/564.html">Piles, Ampoules</a></li></ul></li></ul><?xml version="1.0" encoding="UTF-8"?><a href="http://www.refonte.auchandirect.fr/rayon/82018"><img src="http://www.refonte.auchandirect.fr/static/150x275_bio.jpg" alt="" width="150" height="275" /></a>   
<div class="clear"></div></div><div class="clear"></div></div></div></div></li><li><a title="RR1010" href="445712.html#">Hygiène<br/>Beauté</a><div class="hovered_big_menu" id="4122"><div class="menu-panel"><div class="menu-listes-container float-container"><div class="menu-listes"><ul class="menu menu-horizontal menu_left"><li><h3><a title="RR2038" rel="page-492" href="../../../id3/412/492.html">Corps</a></h3><ul class="menu"><li><a href="../../../hygi%25C3%25A8ne-beaut%25C3%25A9/corps/douche,-bain/id0/746.html">Douche, Bain</a></li><li><a href="../../../hygi%25C3%25A8ne-beaut%25C3%25A9/corps/savons/id0/748.html">Savons</a></li><li><a href="../../../hygi%25C3%25A8ne-beaut%25C3%25A9/corps/d%25C3%25A9odorants/id0/744.html">Déodorants</a></li><li><a href="../../../hygi%25C3%25A8ne-beaut%25C3%25A9/corps/cr%25C3%25A8mes,-soins-du-corps/id0/745.html">Crèmes, Soins du Corps</a></li><li><a href="../../../hygi%25C3%25A8ne-beaut%25C3%25A9/corps/soins-mains,-pieds/id0/751.html">Soins Mains, Pieds</a></li><li><a href="../../../hygi%25C3%25A8ne-beaut%25C3%25A9/corps/epilation-f%25C3%25A9minine/id0/750.html">Epilation Féminine</a></li><li><a href="../../../hygi%25C3%25A8ne-beaut%25C3%25A9/corps/hygi%25C3%25A8ne-intime/id0/749.html">Hygiène intime</a></li><li><a href="../../../hygi%25C3%25A8ne-beaut%25C3%25A9/corps/solaires/id0/754.html">Solaires</a></li></ul></li><li><h3><a title="RR2037" rel="page-491" href="../../../id3/412/491.html">Cheveux</a></h3><ul class="menu"><li><a href="../../../hygi%25C3%25A8ne-beaut%25C3%25A9/cheveux/shampooings/id0/743.html">Shampooings</a></li><li><a href="../../../hygi%25C3%25A8ne-beaut%25C3%25A9/cheveux/apr%25C3%25A8s-shampooings/id0/738.html">Après shampooings</a></li><li><a href="../../../hygi%25C3%25A8ne-beaut%25C3%25A9/cheveux/masques,-soins-capillaires/id0/741.html">Masques, Soins Capillaires</a></li><li><a href="../../../hygi%25C3%25A8ne-beaut%25C3%25A9/cheveux/coiffants/id0/740.html">Coiffants</a></li></ul></li><li><h3><a title="RR2036" rel="page-493" href="../../../id3/412/493.html">Visage</a></h3><ul class="menu"><li><a href="../../../hygi%25C3%25A8ne-beaut%25C3%25A9/visage/cotons,-lingettes/id0/761.html">Cotons, Lingettes</a></li><li><a href="../../../hygi%25C3%25A8ne-beaut%25C3%25A9/visage/toilette-du-visage/id0/766.html">Toilette du Visage</a></li><li><a href="../../../hygi%25C3%25A8ne-beaut%25C3%25A9/visage/soins-dentaires/id0/764.html">Soins Dentaires</a></li><li><a href="../../../hygi%25C3%25A8ne-beaut%25C3%25A9/visage/soins-du-visage/id0/767.html">Soins du Visage</a></li><li><a href="../../../hygi%25C3%25A8ne-beaut%25C3%25A9/visage/maquillage/id0/765.html">Maquillage</a></li></ul></li><li><h3><a title="Hommes" rel="page-433468" href="../../../id3/412/433468.html">Hommes</a></h3><ul class="menu"><li><a href="../../../hygi%25C3%25A8ne-beaut%25C3%25A9/hommes/rasage,-soins-hommes/id0/763.html">Rasage, Soins Hommes</a></li><li><a href="../../../hygi%25C3%25A8ne-beaut%25C3%25A9/hommes/cheveux/id0/739.html">Cheveux</a></li><li><a href="../../../hygi%25C3%25A8ne-beaut%25C3%25A9/hommes/douche,-bain/id0/747.html">Douche, Bain</a></li><li><a href="../../../hygi%25C3%25A8ne-beaut%25C3%25A9/hommes/d%25C3%25A9odorants/id0/1707.html">Déodorants</a></li></ul></li><li><h3><a title="RR2040" rel="page-494" href="../../../id3/412/494.html">Papier, Parapharmacie</a></h3><ul class="menu"><li><a href="../../../hygi%25C3%25A8ne-beaut%25C3%25A9/papier,-parapharmacie/papiers-toilette/id0/753.html">Papiers toilette</a></li><li><a href="../../../hygi%25C3%25A8ne-beaut%25C3%25A9/papier,-parapharmacie/essuie-tout/id0/752.html">Essuie-tout</a></li><li><a href="../../../hygi%25C3%25A8ne-beaut%25C3%25A9/papier,-parapharmacie/mouchoirs/id0/756.html">Mouchoirs</a></li><li><a href="../../../hygi%25C3%25A8ne-beaut%25C3%25A9/papier,-parapharmacie/parapharmacie/id0/495.html">Parapharmacie</a></li><li><a href="../../../hygi%25C3%25A8ne-beaut%25C3%25A9/papier,-parapharmacie/solaires/id0/759.html">Solaires</a></li></ul></li></ul><?xml version="1.0" encoding="UTF-8"?><a href="../../../detailProduit/-1/LV0000002179.html"><img src="http://www.refonte.auchandirect.fr/static/S0113_hygiene.jpg" alt="La promo de la semaine au rayon hygiene beaut&eacute;" title="La promo de la semaine au rayon hygiene beaut&eacute;" width="150" height="275" /></a>    
<div class="clear"></div></div><div class="clear"></div></div></div></div></li><li><a title="RR1011" href="445712.html#">Entretien</a><div class="hovered_big_menu" id="4142"><div class="menu-panel"><div class="menu-listes-container float-container"><div class="menu-listes"><ul class="menu menu-horizontal menu_left"><li><h3><a title="RR2045" rel="page-499" href="../../../id3/414/499.html">Papiers</a></h3><ul class="menu"><li><a href="../../../entretien/papiers/essuies-tout/id0/775.html">Essuies tout</a></li><li><a href="../../../entretien/papiers/mouchoirs/id0/774.html">Mouchoirs</a></li><li><a href="../../../entretien/papiers/papiers-toilette/id0/776.html">Papiers toilette</a></li></ul></li><li><h3><a title="RR2041" rel="page-500" href="../../../id3/414/500.html">Soin du Linge</a></h3><ul class="menu"><li><a href="../../../entretien/soin-du-linge/lessives/id0/792.html">Lessives</a></li><li><a href="../../../entretien/soin-du-linge/assouplissants/id0/790.html">Assouplissants</a></li><li><a href="../../../entretien/soin-du-linge/aides-au-lavage/id0/788.html">Aides au Lavage</a></li></ul></li><li><h3><a title="RR2043" rel="page-497" href="../../../id3/414/497.html">Produits ménagers</a></h3><ul class="menu"><li><a href="../../../entretien/produits-m%25C3%25A9nagers/cuisine,-salle-de-bain,-javel/id0/778.html">Cuisine, Salle de bain, Javel</a></li><li><a href="../../../entretien/produits-m%25C3%25A9nagers/multi-usages/id0/784.html">Multi-usages</a></li><li><a href="../../../entretien/produits-m%25C3%25A9nagers/lingettes-nettoyantes/id0/780.html">Lingettes Nettoyantes</a></li><li><a href="../../../entretien/produits-m%25C3%25A9nagers/sols/id0/785.html">Sols</a></li><li><a href="../../../entretien/produits-m%25C3%25A9nagers/vitres,-meubles/id0/787.html">Vitres, Meubles</a></li><li><a href="../../../entretien/produits-m%25C3%25A9nagers/wc,-d%25C3%25A9boucheurs/id0/789.html">WC, Déboucheurs</a></li><li><a href="../../../entretien/produits-m%25C3%25A9nagers/produits-ecolo/id0/786.html">Produits Ecolo</a></li></ul></li><li><h3><a title="RR2042" rel="page-496" href="../../../id3/414/496.html">Vaisselle</a></h3><ul class="menu"><li><a href="../../../entretien/vaisselle/lavage-en-machine/id0/793.html">Lavage en Machine</a></li><li><a href="../../../entretien/vaisselle/liquides-vaisselle/id0/795.html">Liquides Vaisselle</a></li><li><a href="../../../entretien/vaisselle/gants,-eponges/id0/794.html">Gants, Eponges</a></li></ul></li><li><h3><a title="RR2044" rel="page-498" href="../../../id3/414/498.html">Cuisine</a></h3><ul class="menu"><li><a href="../../../entretien/cuisine/sacs-poubelle/id0/773.html">Sacs Poubelle</a></li><li><a href="../../../entretien/cuisine/aides-%25C3%25A0-la-conservation,-cuisson/id0/768.html">Aides à la Conservation, Cuisson</a></li><li><a href="../../../entretien/cuisine/bo%25C3%25AEtes-herm%25C3%25A9tiques,-vaisselle-jetable/id0/770.html">Boîtes Hermétiques, Vaisselle Jetable</a></li><li><a href="../../../entretien/cuisine/ustensiles-de-cuisine,-filtres-%25C3%25A0-caf%25C3%25A9/id0/769.html">Ustensiles de cuisine, Filtres à café</a></li><li><a href="../../../entretien/cuisine/gants,-eponges/id0/772.html">Gants, Eponges</a></li></ul></li></ul><?xml version="1.0" encoding="UTF-8"?><a href="http://www.refonte.auchandirect.fr/rayon/511866"><img src="http://www.refonte.auchandirect.fr/static/S0113_entretien.jpg" alt="Tout pour la maison" title="Tout pour la maison" width="150" height="275" /></a>    
<div class="clear"></div></div><div class="clear"></div></div></div></div></li><li><a title="RR1013" href="445712.html#">Animaux<br/>Maison</a><div class="hovered_big_menu" id="4152"><div class="menu-panel"><div class="menu-listes-container float-container"><div class="menu-listes"><ul class="menu menu-horizontal menu_left"><li><h3><a title="RR2051" rel="page-501" href="../../../id3/415/501.html">Animaux</a></h3><ul class="menu"><li><a href="../../../animaux-maison/animaux/chats/id0/797.html">Chats</a></li><li><a href="../../../animaux-maison/animaux/chiens/id0/798.html">Chiens</a></li><li><a href="../../../animaux-maison/animaux/rongeurs---autres-animaux/id0/796.html">Rongeurs - Autres animaux</a></li></ul></li><li><h3><a title="RR2054" rel="page-503" href="../../../id3/415/503.html">Droguerie</a></h3><ul class="menu"><li><a href="../../../animaux-maison/droguerie/d%25C3%25A9sodorisants/id0/802.html">Désodorisants</a></li><li><a href="../../../animaux-maison/droguerie/bougies,-allumettes/id0/799.html">Bougies, Allumettes</a></li><li><a href="../../../animaux-maison/droguerie/insecticides/id0/803.html">Insecticides</a></li><li><a href="../../../animaux-maison/droguerie/cirages/id0/801.html">Cirages</a></li></ul></li><li><h3><a title="RR2055" rel="page-505" href="../../../id3/415/505.html">Maison pratique</a></h3><ul class="menu"><li><a href="../../../animaux-maison/maison-pratique/accessoires-cuisine/id0/804.html">Accessoires Cuisine</a></li><li><a href="../../../animaux-maison/maison-pratique/ampoules,-piles/id0/806.html">Ampoules, Piles</a></li><li><a href="../../../animaux-maison/maison-pratique/allumettes/id0/808.html">Allumettes</a></li><li><a href="../../../animaux-maison/maison-pratique/divers/id0/805.html">Divers</a></li></ul></li><li><h3><a title="RR2056" rel="page-504" href="../../../id3/415/504.html">Papeterie</a></h3><ul class="menu"><li><a href="../../../animaux-maison/papeterie/ecriture/id0/813.html">Ecriture</a></li><li><a href="../../../animaux-maison/papeterie/papiers,-cahiers/id0/812.html">Papiers, Cahiers</a></li><li><a href="../../../animaux-maison/papeterie/cartouches-imprimantes/id0/809.html">Cartouches imprimantes</a></li></ul></li><li><h3><a title="RR2052" rel="page-502" href="../../../id3/415/502.html">Textile</a></h3><ul class="menu"><li><a href="../../../animaux-maison/textile/collants,-leggings/id0/815.html">Collants, Leggings</a></li><li><a href="../../../animaux-maison/textile/bas,-mi-bas/id0/814.html">Bas, Mi-bas</a></li></ul></li></ul><?xml version="1.0" encoding="UTF-8"?><a href="../../../animaux-maison/animaux/liti%25C3%25A8re-compacte-hyper-absorbante/id1/501/23329.html"><img src="http://www.refonte.auchandirect.fr/static/S0113_animaux.jpg" alt="La promo des animaux" title="La promo des animaux" width="150" height="275" /></a>    
<div class="clear"></div></div><div class="clear"></div></div></div></div></li><li><a title="titre Boutiques" rel="page-boutiques" href="445712.html#">Boutiques</a><div class="hovered_big_menu" id="4152"><div class="menu-panel"><div class="menu-listes-container float-container"><?xml version="1.0" encoding="UTF-8"?><div class="boutique-cont" style="background: none repeat scroll 0% 0% #ffffff; border-radius: 8px 8px 8px 8px; padding: 5px">
<div class="promo-moment" style="width: 590px; margin: 0px 0px 10px; float: left">
<h1>&Agrave; ne pas rater en ce moment</h1>
<ul>
	<li style="padding: 0px 12px; margin: 17px 0px">	
	<a style="background: none repeat scroll 0% 0% transparent ! important; border-left: medium none ! important; margin: 0px ! important; height: auto" href="http://www.refonte.auchandirect.fr/rayon/510514"><img src="http://www.refonte.auchandirect.fr/static/produitsfestifs.jpg" alt="Destockage!" /></a>	
	<h2>Destockage sur les produits festifs !</h2>	
	<p>
	Jusqu'&agrave; -50% vous attendent sur une selection de produits festifs...	
	</p>
	<a href="http://www.refonte.auchandirect.fr/rayon/510514">&gt;&gt; Voir les offres</a>	</li>	
	<li style="padding: 0px 12px; margin: 17px 0px"><a style="background: none repeat scroll 0% 0% transparent ! important; border-left: medium none ! important; margin: 0px ! important; height: auto" href="../../../rayon.customerinfos.minibasket.validatebasket%3Ft:ac=promos.html"><img src="http://www.refonte.auchandirect.fr/static/promos2013.gif" alt="Bonne Ann&eacute;e!" /> 	</a>	
	<h2>Bonne Ann&eacute;e !</h2>	
	<p>
	Retrouvez les premi&egrave;res promotions de l'ann&eacute;e...	
	</p>
	<a href="../../../rayon.customerinfos.minibasket.validatebasket%3Ft:ac=promos.html">&gt;&gt; Voir les offres</a>	</li>
</ul>
</div>
<div class="produits-a-decouvrir" style="float: right; margin: 0px 0px 10px">
<h2 style="color: #ffffff; background: none repeat scroll 0% 0% #ff7f1e; border-radius: 6px 6px 0px 0px">Je ma&icirc;trise mon budget</h2>
<ul>
	<li class="first-bord" style="float: left; border-top: 1px solid #ff7f1e ! important; padding-left: 9px">	<a style="background: none repeat scroll 0% 0% transparent ! important; border-left: medium none ! important; padding: 0px; margin: 0px ! important; float: left" href="http://www.refonte.auchandirect.fr/rayon/471412"><img src="http://www.refonte.auchandirect.fr/static/produitsauchan2.gif" alt="Produits Auchan" /></a>  	
	<div class="infos">
	<h3 style="font-size: 1.2em">Produits Auchan</h3>	
	<p style="font-size: 12px">
	Retrouvez une s&eacute;lection de pr&egrave;s de 100 produits Auchan du quotidien &agrave; petit prix	
	</p>
	<a style="border: medium none ! important; padding-left: 0px ! important" href="http://www.refonte.auchandirect.fr/rayon/471412">&gt;&gt; 	Parcourir</a>	
	</div>
	</li>	
	<li style="float: left; padding-left: 9px">	
	<a style="background: none repeat scroll 0% 0% transparent ! important; border-left: medium none ! important; padding: 0px; margin: 0px ! important; float: left" href="http://www.refonte.auchandirect.fr/rayon/82018"><img src="http://www.refonte.auchandirect.fr/static/bio1euro.gif" alt="Bioa1euro" /></a>
	<div class="infos">
	<h3 style="font-size: 1.2em">Le bio &agrave; moins d' 1 euro</h3>
	<p style="font-size: 12px">
	Restez bio toute l'ann&eacute;e sans vous ruiner !<a style="border: medium none ! important; padding-left: 0px ! important" href="http://www.refonte.auchandirect.fr/rayon/82018">&gt;&gt; D&eacute;couvrir</a>	
	</p>
	</div>
	</li>	
	<li style="float: left; padding-left: 9px">	<a style="background: none repeat scroll 0% 0% transparent ! important; border-left: medium none ! important; padding: 0px; margin: 0px ! important; float: left"><img src="http://www.refonte.auchandirect.fr/static/riketrok.gif" alt="Rik et Rok" /></a>	
	<div class="infos">
	<h3 style="font-size: 1.2em">Rik&amp;Rok</h3>	
	<p style="font-size: 12px">
	La gamme ludique et savoureuse pour le plus grand bonheur de vos enfants !	
	</p>
	<a style="border: medium none ! important; padding-left: 0px ! important" href="http://www.refonte.auchandirect.fr/rayon/562314">&gt;&gt; D&eacute;couvrir</a>	
	</div>
	</li>
</ul>
</div>
<div class="promo-bottom" style="margin: 0px ! important; overflow: hidden">
<a style="background: none repeat scroll 0% 0% transparent ! important; border-left: medium none ! important; padding: 0px; margin: 0px ! important; float: left" href="http://auchandirect.photobox.fr/content/private-sales?cid=banvpi012013"><img src="http://www.refonte.auchandirect.fr/static/photobox.jpg" alt="Auchan direct photo" /></a>
<h1 style="width: 440px">Jusqu'au 13 Janvier minuit retrouvez nos offres priv&eacute;es :<span> jusqu'&agrave; -70% !</span></h1>
<a style="border: medium none ! important" href="http://auchandirect.photobox.fr/content/private-sales?cid=banvpi012013" class="btn-offre">J'y vais !</a>
</div>
</div>
</div></div></div></li></ul></div><div><script language="javascript">
var tc_vars = new Array();
/* Partie Environnement */
tc_vars["env_template"]="Sous Rayon";
tc_vars["env_work"]="prod";
tc_vars["env_channel"]="web";
tc_vars["env_language"]="français";
tc_vars["env_country"]="France";
tc_vars["env_dnt"]="disabled";
/* Partie Users */
tc_vars["user_rcw"]="";
tc_vars["user_id"]="";
tc_vars["user_gender"]="";
tc_vars["user_category"]="";
tc_vars["user_recency"]="";
tc_vars["user_frequency"]="";
tc_vars["user_amount"]="";
tc_vars["user_smb"]="";
tc_vars["user_logged"]="0";
tc_vars["user_age"]="";
tc_vars["user_scoring"]="000";
tc_vars["user_store"]="Morangis";
tc_vars["user_postalcode"]="91420";
/* Partie Tree structure */
tc_vars["page_cat1"]="";
tc_vars["page_cat2"]="";
tc_vars["page_cat3"]="";
tc_vars["page_name"]="Courses en ligne, livraison à domicile en 24h - Auchandirect.fr";
tc_vars["page_error"]="";
/* Partie Panier */
tc_vars["order_id"]="";
tc_vars["basket_id"]="0";
tc_vars["order_amount_ati_without_sf"]="";
tc_vars["order_amount_ati_with_sf"]="";
tc_vars["order_discount_ati"]="";
tc_vars["order_ship_ati"]="";
tc_vars["order_amount_tf_without_sf"]="";
tc_vars["order_amount_tf_with_sf"]="";
tc_vars["order_discount_tf"]="";
tc_vars["order_ship_tf"]="";
tc_vars["order_newcustomer"]="";
tc_vars["order_tax"]="";
tc_vars["order_payment_methods"]="";
tc_vars["order_shipping_method"]="LAD";
tc_vars["order_status"]="";
tc_vars["order_promo_codes"]="";
tc_vars["order_currency"]="";
tc_vars["order_email"]="";
tc_vars["order_email_optin"]="";
tc_vars["order_products_number"]="0";

tc_vars["order_products"] = new Array();

/* Partie Produit */
tc_vars["product_id"]="";
tc_vars["product_id_cug"]="";
tc_vars["product_id_upsell1"]="";
tc_vars["product_id_upsell2"]="";
tc_vars["product_id_upsell3"]="";
tc_vars["product_id_crossell1"]="";
tc_vars["product_id_crossell2"]="";
tc_vars["product_id_crossell3"]="";
tc_vars["product_name"]="";
tc_vars["product_unitprice_ati"]="";
tc_vars["product_unitprice_tf"]="";
tc_vars["product_currency"]="";
tc_vars["product_trademark"]="";
tc_vars["product_url_page"]="";
tc_vars["product_url_picture"]="";
tc_vars["product_isbundle"]="";
tc_vars["product_breadcrumb_id"]="";
tc_vars["product_breadcrumb_label"]="";
tc_vars["product_rating"]="";
tc_vars["product_instock"]="";
/* Partie Liste Produit */
tc_vars["list_products"] = new Array();

tc_vars["list_products"][0] = new Array();
tc_vars["list_products"][0]["list_product_id"]="51797";
tc_vars["list_products"][0]["list_product_id_cug"]="48401";
tc_vars["list_products"][0]["list_product_id_upsell1"]="";
tc_vars["list_products"][0]["list_product_id_upsell2"]="";
tc_vars["list_products"][0]["list_product_id_upsell3"]="";
tc_vars["list_products"][0]["list_product_id_crossell1"]="";
tc_vars["list_products"][0]["list_product_id_crossell2"]="";
tc_vars["list_products"][0]["list_product_id_crossell3"]="";
tc_vars["list_products"][0]["list_product_name"]="Biscuits apéritifs emmental";
tc_vars["list_products"][0]["list_product_unitprice_ati"]="4.41€";
tc_vars["list_products"][0]["list_product_discount_ati"]="0.00€";
tc_vars["list_products"][0]["list_product_unitprice_tf"]="4.41€";
tc_vars["list_products"][0]["list_product_currency"]="EUR";
tc_vars["list_products"][0]["list_product_trademark"]="ALBERT MENES";
tc_vars["list_products"][0]["list_product_url_page"]="http://www.refonte.auchandirect.fr/detailproduit/445712/48401";
tc_vars["list_products"][0]["list_product_url_picture"]="http://www.refonte.auchandirect.fr/static/images/products/detail/48401.jpg";
tc_vars["list_products"][0]["list_product_isbundle"]="N";
tc_vars["list_products"][0]["list_product_breadcrumb_id"]="445712";
tc_vars["list_products"][0]["list_product_breadcrumb_label"]="Produits Salés Apéritifs";
tc_vars["list_products"][0]["list_product_rating"]="";
tc_vars["list_products"][0]["list_product_instock"]="Y";
tc_vars["list_products"][0]["list_product_totalprice_tf"]="4.41€"
tc_vars["list_products"][0]["list_product_trademark"]="ALBERT MENES"

tc_vars["list_products"][1] = new Array();
tc_vars["list_products"][1]["list_product_id"]="51796";
tc_vars["list_products"][1]["list_product_id_cug"]="48403";
tc_vars["list_products"][1]["list_product_id_upsell1"]="";
tc_vars["list_products"][1]["list_product_id_upsell2"]="";
tc_vars["list_products"][1]["list_product_id_upsell3"]="";
tc_vars["list_products"][1]["list_product_id_crossell1"]="";
tc_vars["list_products"][1]["list_product_id_crossell2"]="";
tc_vars["list_products"][1]["list_product_id_crossell3"]="";
tc_vars["list_products"][1]["list_product_name"]="Petits épis feuilletés au gouda vieux de Hollande";
tc_vars["list_products"][1]["list_product_unitprice_ati"]="3.98€";
tc_vars["list_products"][1]["list_product_discount_ati"]="0.00€";
tc_vars["list_products"][1]["list_product_unitprice_tf"]="3.98€";
tc_vars["list_products"][1]["list_product_currency"]="EUR";
tc_vars["list_products"][1]["list_product_trademark"]="ALBERT MENES";
tc_vars["list_products"][1]["list_product_url_page"]="http://www.refonte.auchandirect.fr/detailproduit/445712/48403";
tc_vars["list_products"][1]["list_product_url_picture"]="http://www.refonte.auchandirect.fr/static/images/products/detail/48403.jpg";
tc_vars["list_products"][1]["list_product_isbundle"]="N";
tc_vars["list_products"][1]["list_product_breadcrumb_id"]="445712";
tc_vars["list_products"][1]["list_product_breadcrumb_label"]="Produits Salés Apéritifs";
tc_vars["list_products"][1]["list_product_rating"]="";
tc_vars["list_products"][1]["list_product_instock"]="Y";
tc_vars["list_products"][1]["list_product_totalprice_tf"]="3.98€"
tc_vars["list_products"][1]["list_product_trademark"]="ALBERT MENES"

tc_vars["list_products"][2] = new Array();
tc_vars["list_products"][2]["list_product_id"]="51851";
tc_vars["list_products"][2]["list_product_id_cug"]="49931";
tc_vars["list_products"][2]["list_product_id_upsell1"]="";
tc_vars["list_products"][2]["list_product_id_upsell2"]="";
tc_vars["list_products"][2]["list_product_id_upsell3"]="";
tc_vars["list_products"][2]["list_product_id_crossell1"]="";
tc_vars["list_products"][2]["list_product_id_crossell2"]="";
tc_vars["list_products"][2]["list_product_id_crossell3"]="";
tc_vars["list_products"][2]["list_product_name"]="Biscuits apéritifs pavot";
tc_vars["list_products"][2]["list_product_unitprice_ati"]="4.41€";
tc_vars["list_products"][2]["list_product_discount_ati"]="0.00€";
tc_vars["list_products"][2]["list_product_unitprice_tf"]="4.41€";
tc_vars["list_products"][2]["list_product_currency"]="EUR";
tc_vars["list_products"][2]["list_product_trademark"]="ALBERT MENES";
tc_vars["list_products"][2]["list_product_url_page"]="http://www.refonte.auchandirect.fr/detailproduit/445712/49931";
tc_vars["list_products"][2]["list_product_url_picture"]="http://www.refonte.auchandirect.fr/static/images/products/detail/49931.jpg";
tc_vars["list_products"][2]["list_product_isbundle"]="N";
tc_vars["list_products"][2]["list_product_breadcrumb_id"]="445712";
tc_vars["list_products"][2]["list_product_breadcrumb_label"]="Produits Salés Apéritifs";
tc_vars["list_products"][2]["list_product_rating"]="";
tc_vars["list_products"][2]["list_product_instock"]="Y";
tc_vars["list_products"][2]["list_product_totalprice_tf"]="4.41€"
tc_vars["list_products"][2]["list_product_trademark"]="ALBERT MENES"

tc_vars["list_products"][3] = new Array();
tc_vars["list_products"][3]["list_product_id"]="51799";
tc_vars["list_products"][3]["list_product_id_cug"]="48406";
tc_vars["list_products"][3]["list_product_id_upsell1"]="";
tc_vars["list_products"][3]["list_product_id_upsell2"]="";
tc_vars["list_products"][3]["list_product_id_upsell3"]="";
tc_vars["list_products"][3]["list_product_id_crossell1"]="";
tc_vars["list_products"][3]["list_product_id_crossell2"]="";
tc_vars["list_products"][3]["list_product_id_crossell3"]="";
tc_vars["list_products"][3]["list_product_name"]="Tapenade";
tc_vars["list_products"][3]["list_product_unitprice_ati"]="3.72€";
tc_vars["list_products"][3]["list_product_discount_ati"]="0.00€";
tc_vars["list_products"][3]["list_product_unitprice_tf"]="3.72€";
tc_vars["list_products"][3]["list_product_currency"]="EUR";
tc_vars["list_products"][3]["list_product_trademark"]="ALBERT MENES";
tc_vars["list_products"][3]["list_product_url_page"]="http://www.refonte.auchandirect.fr/detailproduit/445712/48406";
tc_vars["list_products"][3]["list_product_url_picture"]="http://www.refonte.auchandirect.fr/static/images/products/detail/48406.jpg";
tc_vars["list_products"][3]["list_product_isbundle"]="N";
tc_vars["list_products"][3]["list_product_breadcrumb_id"]="445712";
tc_vars["list_products"][3]["list_product_breadcrumb_label"]="Produits Salés Apéritifs";
tc_vars["list_products"][3]["list_product_rating"]="";
tc_vars["list_products"][3]["list_product_instock"]="N";
tc_vars["list_products"][3]["list_product_totalprice_tf"]="3.72€"
tc_vars["list_products"][3]["list_product_trademark"]="ALBERT MENES"

tc_vars["list_products"][4] = new Array();
tc_vars["list_products"][4]["list_product_id"]="59369";
tc_vars["list_products"][4]["list_product_id_cug"]="100350";
tc_vars["list_products"][4]["list_product_id_upsell1"]="";
tc_vars["list_products"][4]["list_product_id_upsell2"]="";
tc_vars["list_products"][4]["list_product_id_upsell3"]="";
tc_vars["list_products"][4]["list_product_id_crossell1"]="";
tc_vars["list_products"][4]["list_product_id_crossell2"]="";
tc_vars["list_products"][4]["list_product_id_crossell3"]="";
tc_vars["list_products"][4]["list_product_name"]="Sticks au sel";
tc_vars["list_products"][4]["list_product_unitprice_ati"]="0.79€";
tc_vars["list_products"][4]["list_product_discount_ati"]="0.00€";
tc_vars["list_products"][4]["list_product_unitprice_tf"]="0.79€";
tc_vars["list_products"][4]["list_product_currency"]="EUR";
tc_vars["list_products"][4]["list_product_trademark"]="ANCEL";
tc_vars["list_products"][4]["list_product_url_page"]="http://www.refonte.auchandirect.fr/detailproduit/445712/100350";
tc_vars["list_products"][4]["list_product_url_picture"]="http://www.refonte.auchandirect.fr/static/images/products/detail/100350.jpg";
tc_vars["list_products"][4]["list_product_isbundle"]="N";
tc_vars["list_products"][4]["list_product_breadcrumb_id"]="445712";
tc_vars["list_products"][4]["list_product_breadcrumb_label"]="Produits Salés Apéritifs";
tc_vars["list_products"][4]["list_product_rating"]="";
tc_vars["list_products"][4]["list_product_instock"]="Y";
tc_vars["list_products"][4]["list_product_totalprice_tf"]="0.79€"
tc_vars["list_products"][4]["list_product_trademark"]="ANCEL"

/* Partie Recherche */
tc_vars["search_keywords"]="";
tc_vars["search_page_number"]="";
tc_vars["search_results_number"]="";
tc_vars["search_filters"]="";
</script><script src="http://www.refonte.auchandirect.fr/static/scripts/tc_AuchanDirect_1.js" type="text/javascript"></script><NOSCRIPT><IFRAME height="1" width="1" src="http://redirect234.tagcommander.com/utils/noscript.php?id=1&amp;mode=iframe"></IFRAME></NOSCRIPT></div><div class="float-container" id="content"><div class="top-content float-container"><div class="main-content"><div class="float-container" id="breadcrumb"><div id="breadcrumb-container"><form onsubmit="javascript:Tapestry.waitForPage(event);" action="http://www.refonte.auchandirect.fr/rayon.breadcrumbcategory.breadselectform" method="post" id="breadSelectForm" name="breadSelectForm"><div class="t-invisible"><input value="445712" name="t:ac" type="hidden"></input><input value="H4sIAAAAAAAAAFvzloG1XJ5BNiixMj/PKqkoNTEluag0Nyk5sSQ1Pb+oUi8nP7+guIhBL78oXS+xIDE5I1WvJLEgtbikqNJULzm/KDUnMwlI5xbk56XmlRTr+QDVq5jq+p+8pslQfZKJgaGigPrmG0Y+Wfs5bfvlhUSb70eS+UFAeaBUcAnQFLei/NxgEC/FOScTqCQsMac0VXf6oSsdDAp/mRgYfRi4kxESJQxCPlmJZYn6OYl56frBJUWZeenWFQUlDG5AO/QSS/KLy/OLclJyMvNS9Yoy9RJLkzMS8/RSMotSk0v00ory80r0UhJLEvWcQD5xBvkkJD87Nc/ByDI51cDYyIL6YWnyqSBN011stT2N4srMQOCDRdySHluw+QAm/vzdcAIAAA==" name="t:formdata" type="hidden"></input></div><p class="menu-horizontal"><a href="../../../loadswitcher.html">Accueil</a> &gt;
</p><input style="display:none;" id="breadSelectFormSubmit" type="submit"></input></form></div></div><!-- zone edit - Bannière haute --><div class="zone-admin diff-zone"></div><!-- DEBUT DE LA BARRE TITRE --><!-- div id="wrap-liste-produits-nav" class="">
						<div id="liste-produits-nav" class="clear-container float-container">
					
							
							
							<div id="liste-produits-tri" class="float-container">
							
							<div class="titre-produits">
								<h2>
									<span class="titre-principal">
										<t:outputraw value="categoryTitle" />
									</span>
									<span class="titre-secondaire"> ${nbProductsMsg}</span>
								</h2>
							</div>
							
							<t:zone t:id="headerListZone" t:update="show">
							<form t:type="form" t:id="sortForm" t:zone="productListZone" t:autofocus="false">
							<p class="liste-produits-choix-affichage" t:type="zone" t:update="show" id="productDisplayTypeZone">
									<p class="liste-produits-choix-affichage">
										<select t:type="select" t:id="sort" class="form-select" t:blankOption="NEVER" onChange="document.getElementById('sortBySubmit').click();" />
										<input type="submit" id="sortBySubmit" style="display:none;" />
										
										<a t:type="actionlink" t:id="list" t:zone="productListZone" class="bt-liste ${pdtDisplayListStyle}">${message:category.display.type.list}</a>
										<a t:type="actionlink" t:id="thumbnail" t:zone="productListZone" class="bt-grille ${pdtDisplayGridStyle}">${message:category.display.type.thumbnail}</a>
									</p>
								</p>
								</form>
								
								</t:zone>
								
								
							</div>
							
							<ul t:type="zone" id="labelZone" t:update="show" class="liste-produits-menu menu menu-horizontal clear-container">
								<t:delegate to="labelBlock" / --><!-- liste des capsules de tri (marques) --><!-- t:block t:id="labelBlock">
									
									<li class="item">
									<t:if test="isAllSubCatActive">
											<a class="active">${message:category.sub.all}</a>
										<p:else>
											<a t:type="actionlink" t:zone="labelZone" t:id="showAll">${message:category.sub.all}</a>
										</p:else>
									</t:if>
									</li>	
										
									<t:if test="specificCategory">
										<t:loop source="categoriesAll" value="cat">
											<li class="item">
												<t:if test="isCatDisable">
													<a class="non_active">${cat.label}</a>
												<p:else>
													<t:if test="isCatActive">
														<a class="active">${cat.label}</a>
													<p:else>
														<a t:type="actionlink" t:zone="labelZone" t:id="viewCat" t:context="cat.shelfId">${cat.label}</a>
													</p:else>
													</t:if>
												</p:else>
												</t:if>
											</li>
										</t:loop>
									</t:if>	
										
									<t:unless test="specificCategory">
										<t:loop source="subCategories" value="subCat">
											<li class="item">
												<t:if test="isSubCatDisable">
													<a class="non_active">${subCat.label}</a>
												<p:else>
													<t:if test="isSubCatActive">
														<a class="active">${subCat.label}</a>
													<p:else>
														<a t:type="actionlink" t:zone="labelZone" t:id="viewSubCat" t:context="subCat.shelfId">${subCat.label}</a>
													</p:else>
													</t:if>
												</p:else>
												</t:if>
											</li>
										</t:loop>
										
										<t:if test="hasBioFilter">
											<li class="bio">
												<a t:type="actionlink" t:zone="labelZone" t:id="bioLabel">${message:category.label.bio}</a>
											</li>
										</t:if>
										
									</t:unless>
									
								<t:if test="showPromo">
									<t:if test="isPromoCatActive">
										<li class="item caseprom">
											<a class="menu-top-promos activo" title="promos">${message:specificcategory.promotions}</a>
										</li>
									<p:else>
										<li class="item">
											<a class="menu-top-promos" title="promos" t:type="actionlink" t:zone="productListZone" t:id="filterPromos">${message:specificcategory.promotions}</a>
										</li>
									</p:else>
									</t:if>
									<p:else>
										<t:if test="isNotPromoPage">
											<li class="item">
												<a class="non_active" title="promos">${message:specificcategory.promotions}</a>
											</li>
										</t:if>
									</p:else>
								</t:if>
								
								<t:if test="showNews">
									<t:if test="isNewsCatActive">
										<li class="item">
											<a class="menu-top-nouveautes activon" title="nouveautes">${message:specificcategory.news}</a>
										</li>
									<p:else>
										<li class="item">
											<a class="menu-top-nouveautes" title="nouveautes" t:type="actionlink" t:zone="productListZone" t:id="filterNews">${message:specificcategory.news}</a>
										</li>
									</p:else>
									</t:if>
									<p:else>
										<t:if test="isNotNewsPage">
											<li class="item">
												<a class="non_active" title="nouveautes">${message:specificcategory.news}</a>
											</li>
										</t:if>
									</p:else>
								</t:if>
								
								<t:if test="showPdtAuchan">
									<t:if test="isAuchanCatActive">
										<li class="item">
											<a class="menu-top-produits-auchan activen" title="produits Auchan">${message:specificcategory.retailer_brand}</a>
										</li>
										<p:else>
											<li class="item">
												<a class="menu-top-produits-auchan" title="produits Auchan" t:type="actionlink" t:zone="productListZone" t:id="filterAuchan">${message:specificcategory.retailer_brand}</a>
											</li>
										</p:else>
									</t:if>
									<p:else>
										<t:if test="isNotAuchanPage">
											<li class="item">
												<a class="non_active" title="produits Auchan">${message:specificcategory.retailer_brand}</a>
											</li>
										</t:if>
									</p:else>
								</t:if>
								</t:block>
						</ul>
						</div>
						
						<div class="clear"></div>
						
						<t:zone t:id="moreProductListZone" t:update="show">
						<t:if test="!specificCategory">
								<t:if test="brands">
										<t:if test="isBrandFilterExpanded">
											<p class="link_hide_marque" style="display: block;">
											<a t:type="actionlink" t:zone="labelZone" t:id="hideAllBrands" title="${message:category.brands.hide.title}">${maskAllBrandsLink}</a>
											<img src="/static/images/down_arrow.png" />
											</p>
											
												<ul id="" class="liste-produits-menu menu menu-horizontal clear-container marques_liste" style="display: block;">
													<t:loop source="brands" value="brand">
														<li class="item">
															<t:if test="isBrandDisable">
																<a class="non_active">${brand}</a>
															<p:else>
																<t:if test="isBrandActive">
																	<a class="active">${brand}</a>
																<p:else>
																	<a t:type="actionlink" t:zone="labelZone" t:id="viewBrand" t:context="brand">${brand}</a>
																</p:else>
																</t:if>
															</p:else>
															</t:if>
														</li>
													</t:loop>
												</ul>
											
										<p:else>
											<p class="link_show_marque" style="display: block;">
											<a t:type="actionlink" t:zone="labelZone" t:id="viewAllBrands" title="${viewAllBrandsTitle}">${viewAllBrandsLink}</a>
											<img src="/static/images/down_arrow.png" />
											</p>
										</p:else>
										</t:if>
								</t:if>
							</t:if>
						</t:zone>
						
						</div --><!-- FIN DE LA BARRE TITRE --><div><!-- ***************** DEBUT DU BLOC TITRE ***************** --><div class="" id="wrap-liste-produits-nav"><div class="clear-container float-container" id="liste-produits-nav"><div class="float-container" id="liste-produits-tri"><div class="titre-produits"><h1><span class="titre-principal">Produits Salés Apéritifs</span><span class="titre-secondaire"> - 163 produits</span></h1></div><div class="t-zone" id="headerListZone"><form onsubmit="javascript:Tapestry.waitForPage(event);" action="http://www.refonte.auchandirect.fr/rayon.productgridorlist.sortform" method="post" id="sortForm" name="sortForm"><div class="t-invisible"><input value="445712" name="t:ac" type="hidden"></input><input value="H4sIAAAAAAAAAJXOMZJBQRCA4aaIZKpkWxuRjoTERhKR2lJeOUC/eeMZNaanuvvtchknUC4hkLnDHmBTkQA3IP2T/zv8Q/P3Ez7muKM4SkxFZbVkXxAHL2qEWIVhSFwaTGhXzigmJ8q7obHELvjc5CjOjPNHRKsT70LRzZxWqbc4tf4651sdalNoWYrKFL5x4xTa0zX+YD9gLPuZso/l1zYpNJ6/Fzzjdz0zJutEsirfeBFP8XQsBsvr/lIH2KY7aUKP/AYBAAA=" name="t:formdata" type="hidden"></input></div><p class="liste-produits-choix-affichage t-zone" id="productDisplayTypeZone"><p class="liste-produits-choix-affichage"><select onChange="document.getElementById('sortBySubmit').click();" class="form-select" id="sort" name="sort"><option selected="selected" value="MARQUE_ASC">Trier par marque A-Z</option><option value="MARQUE_DESC">Trier par marque Z-A</option><option value="PRICE_ASC">Trier du moins cher au plus cher</option><option value="PRICE_DESC">Trier du plus cher au moins cher</option><option value="PRICEQTE_ASC">Trier par prix/quantité croissant</option><option value="PRICEQTE_DESC">Trier par prix/quantité décroissant</option></select><img id="sort-icon" class="t-error-icon t-invisible" alt="" src="http://www.refonte.auchandirect.fr/assets/tapestry/5.1.0.5/spacer.gif"/><input style="display: none;" id="sortBySubmit" type="submit"></input><a id="list" onclick="javascript:Tapestry.waitForPage(event);" class="bt-liste " href="http://www.refonte.auchandirect.fr/rayon.productgridorlist.list?t:ac=445712">en liste</a><a id="thumbnail" onclick="javascript:Tapestry.waitForPage(event);" class="bt-grille active" href="http://www.refonte.auchandirect.fr/rayon.productgridorlist.thumbnail?t:ac=445712">en grille</a></p></p></form></div></div><ul class="liste-produits-menu menu menu-horizontal clear-container t-zone" id="labelZone"><li class="item"><a class="active">TOUS</a></li><li class="item"><a id="viewSubCat" onclick="javascript:Tapestry.waitForPage(event);" href="http://www.refonte.auchandirect.fr/rayon.productgridorlist.viewsubcat/445713?t:ac=445712">Chips, Tuiles</a></li><li class="item"><a id="viewSubCat_0" onclick="javascript:Tapestry.waitForPage(event);" href="http://www.refonte.auchandirect.fr/rayon.productgridorlist.viewsubcat/445714?t:ac=445712">Cacahuètes, Autres Graines</a></li><li class="item"><a id="viewSubCat_1" onclick="javascript:Tapestry.waitForPage(event);" href="http://www.refonte.auchandirect.fr/rayon.productgridorlist.viewsubcat/445715?t:ac=445712">Biscuits Salés, Soufflés</a></li><li class="item"><a id="viewSubCat_2" onclick="javascript:Tapestry.waitForPage(event);" href="http://www.refonte.auchandirect.fr/rayon.productgridorlist.viewsubcat/445716?t:ac=445712">Autres Produits Apéritifs</a></li><li class="item"><a id="filterPromos" onclick="javascript:Tapestry.waitForPage(event);" title="promos" class="menu-top-promos" href="http://www.refonte.auchandirect.fr/rayon.productgridorlist.filterpromos?t:ac=445712">Promotions</a></li><li class="item"><a title="nouveautes" class="non_active">Nouveautés</a></li><li class="item"><a id="filterAuchan" onclick="javascript:Tapestry.waitForPage(event);" title="produits Auchan" class="menu-top-produits-auchan" href="http://www.refonte.auchandirect.fr/rayon.productgridorlist.filterauchan?t:ac=445712">Produits Auchan</a></li><!-- liste des capsules de tri (marques) --></ul></div><div class="clear"></div><div class="t-zone" id="moreProductListZone"><p style="display: block;" class="link_show_marque"><a id="viewAllBrands" onclick="javascript:Tapestry.waitForPage(event);" title="Voir les 26 éléments supplémentaires" href="http://www.refonte.auchandirect.fr/rayon.productgridorlist.viewallbrands?t:ac=445712">Afficher les 26 marques</a><img src="http://www.refonte.auchandirect.fr/static/images/down_arrow.png"/></p></div></div><!-- ***************** FIN DU BLOC TITRE ***************** --><div class="t-zone" id="productListZone"><div class="liste clear-container" id="liste-produits-grille"><table><tr><td><!-- PL : ici --><div class="bloc-produit "><div class="bloc-produit-content"><a title="Voir le produit" href="http://www.refonte.auchandirect.fr/boissons/produits-salés-apéritifs/biscuits-apéritifs-emmental/id1/445712/48401"><img src="http://www.refonte.auchandirect.fr/static/images/products/line/48401.jpg" alt="" class="produit "/></a><div class="picto"><span class="invisible"></span></div><div class="boutons-produit"><a id="addProductToBasket" onclick="javascript:Tapestry.waitForPage(event);" title="Ajouter au panier" class="bt-produit-ajout-panier" href="http://www.refonte.auchandirect.fr/rayon.productgridorlist.productlist_1.thumbnailproduct_0.addproducttobasket/48401?t:ac=445712">Ajouter au panier</a><a id="addProductToShoppingList" onclick="javascript:Tapestry.waitForPage(event);" title="Ajouter à ma liste" class="bt-produit-ajout-liste" href="http://www.refonte.auchandirect.fr/rayon.productgridorlist.productlist_1.thumbnailproduct_0.addproducttoshoppinglist/48401?t:ac=445712">Ajouter à ma liste</a></div><div class="infos-produit-1"><div class="prix-actuel"><span>4.41€</span></div></div><div class="infos-produit-2"><a title="Voir le produit" href="http://www.refonte.auchandirect.fr/boissons/produits-salés-apéritifs/biscuits-apéritifs-emmental/id1/445712/48401"><h2>ALBERT MENES</h2><h4>Biscuits apéritifs emmental</h4><h4>Oboles de lucerne</h4><p>
100 g
<br/>
44.10€/kg
</p></a></div><div class="mini_picto_bas"><img src="http://www.refonte.auchandirect.fr/static/images/DLC-garantie-30j_small.jpg"/></div></div></div></td><td><!-- PL : ici --><div class="bloc-produit "><div class="bloc-produit-content"><a title="Voir le produit" href="http://www.refonte.auchandirect.fr/boissons/produits-salés-apéritifs/petits-épis-feuilletés-au-gouda-vieux-de-hollande/id1/445712/48403"><img src="http://www.refonte.auchandirect.fr/static/images/products/line/48403.jpg" alt="" class="produit "/></a><div class="picto"><span class="invisible"></span></div><div class="boutons-produit"><a id="addProductToBasket_0" onclick="javascript:Tapestry.waitForPage(event);" title="Ajouter au panier" class="bt-produit-ajout-panier" href="http://www.refonte.auchandirect.fr/rayon.productgridorlist.productlist_1.thumbnailproduct_0.addproducttobasket/48403?t:ac=445712">Ajouter au panier</a><a id="addProductToShoppingList_0" onclick="javascript:Tapestry.waitForPage(event);" title="Ajouter à ma liste" class="bt-produit-ajout-liste" href="http://www.refonte.auchandirect.fr/rayon.productgridorlist.productlist_1.thumbnailproduct_0.addproducttoshoppinglist/48403?t:ac=445712">Ajouter à ma liste</a></div><div class="infos-produit-1"><div class="prix-actuel"><span>3.98€</span></div></div><div class="infos-produit-2"><a title="Voir le produit" href="http://www.refonte.auchandirect.fr/boissons/produits-salés-apéritifs/petits-épis-feuilletés-au-gouda-vieux-de-hollande/id1/445712/48403"><h2>ALBERT MENES</h2><h4>Petits épis feuilletés au gouda vieux de Hollande</h4><h4></h4><p>
100 g
<br/>
39.80€/kg
</p></a></div><div class="mini_picto_bas"><img src="http://www.refonte.auchandirect.fr/static/images/DLC-garantie-30j_small.jpg"/></div></div></div></td><td><!-- PL : ici --><div class="bloc-produit "><div class="bloc-produit-content"><a title="Voir le produit" href="http://www.refonte.auchandirect.fr/boissons/produits-salés-apéritifs/biscuits-apéritifs-pavot/id1/445712/49931"><img src="http://www.refonte.auchandirect.fr/static/images/products/line/49931.jpg" alt="" class="produit "/></a><div class="picto"><span class="invisible"></span></div><div class="boutons-produit"><a id="addProductToBasket_1" onclick="javascript:Tapestry.waitForPage(event);" title="Ajouter au panier" class="bt-produit-ajout-panier" href="http://www.refonte.auchandirect.fr/rayon.productgridorlist.productlist_1.thumbnailproduct_0.addproducttobasket/49931?t:ac=445712">Ajouter au panier</a><a id="addProductToShoppingList_1" onclick="javascript:Tapestry.waitForPage(event);" title="Ajouter à ma liste" class="bt-produit-ajout-liste" href="http://www.refonte.auchandirect.fr/rayon.productgridorlist.productlist_1.thumbnailproduct_0.addproducttoshoppinglist/49931?t:ac=445712">Ajouter à ma liste</a></div><div class="infos-produit-1"><div class="prix-actuel"><span>4.41€</span></div></div><div class="infos-produit-2"><a title="Voir le produit" href="http://www.refonte.auchandirect.fr/boissons/produits-salés-apéritifs/biscuits-apéritifs-pavot/id1/445712/49931"><h2>ALBERT MENES</h2><h4>Biscuits apéritifs pavot</h4><h4>Oboles de lucerne</h4><p>
100 g
<br/>
44.10€/kg
</p></a></div><div class="mini_picto_bas"><img src="http://www.refonte.auchandirect.fr/static/images/DLC-garantie-30j_small.jpg"/></div></div></div></td></tr><tr><td><!-- PL : ici --><div class="bloc-produit  bientot-dispo"><div class="bloc-produit-content"><a title="Voir le produit" href="http://www.refonte.auchandirect.fr/boissons/produits-salés-apéritifs/tapenade/id1/445712/48406"><img src="http://www.refonte.auchandirect.fr/static/images/products/line/48406.jpg" alt="" class="produit "/></a><div class="picto"><span class="invisible"></span></div><div class="boutons-produit"><a class="bt-produit-ajout-panier disable" title="Bientôt disponible" href="javascript:void(0)">Bientôt disponible</a><a id="addProductToShoppingList_2" onclick="javascript:Tapestry.waitForPage(event);" title="Ajouter à ma liste" class="bt-produit-ajout-liste" href="http://www.refonte.auchandirect.fr/rayon.productgridorlist.productlist_1.thumbnailproduct_0.addproducttoshoppinglist/48406?t:ac=445712">Ajouter à ma liste</a></div><div class="infos-produit-1"><div class="prix-actuel"><span>3.72€</span></div></div><div class="infos-produit-2"><a title="Voir le produit" href="http://www.refonte.auchandirect.fr/boissons/produits-salés-apéritifs/tapenade/id1/445712/48406"><h2>ALBERT MENES</h2><h4>Tapenade</h4><h4></h4><p>
100 g
<br/>
37.20€/kg
</p></a></div><div class="mini_picto_bas"><img src="http://www.refonte.auchandirect.fr/static/images/DLC-garantie-6j_small.jpg"/></div></div></div></td><td><!-- PL : ici --><div class="bloc-produit "><div class="bloc-produit-content"><a title="Voir le produit" href="http://www.refonte.auchandirect.fr/boissons/produits-salés-apéritifs/sticks-au-sel/id1/445712/100350"><img src="http://www.refonte.auchandirect.fr/static/images/products/line/100350.jpg" alt="" class="produit "/></a><div class="picto"><span class="invisible"></span></div><div class="boutons-produit"><a id="addProductToBasket_2" onclick="javascript:Tapestry.waitForPage(event);" title="Ajouter au panier" class="bt-produit-ajout-panier" href="http://www.refonte.auchandirect.fr/rayon.productgridorlist.productlist_1.thumbnailproduct_0.addproducttobasket/100350?t:ac=445712">Ajouter au panier</a><a id="addProductToShoppingList_3" onclick="javascript:Tapestry.waitForPage(event);" title="Ajouter à ma liste" class="bt-produit-ajout-liste" href="http://www.refonte.auchandirect.fr/rayon.productgridorlist.productlist_1.thumbnailproduct_0.addproducttoshoppinglist/100350?t:ac=445712">Ajouter à ma liste</a></div><div class="infos-produit-1"><div class="prix-actuel"><span>0.79€</span></div></div><div class="infos-produit-2"><a title="Voir le produit" href="http://www.refonte.auchandirect.fr/boissons/produits-salés-apéritifs/sticks-au-sel/id1/445712/100350"><h2>ANCEL</h2><h4>Sticks au sel</h4><h4></h4><p>
100 g
<br/>
7.90€/kg
</p></a></div><div class="mini_picto_bas"><img src="http://www.refonte.auchandirect.fr/static/images/DLC-garantie-30j_small.jpg"/></div></div></div></td><td><!-- PL : ici --><div class="bloc-produit "><div class="bloc-produit-content"><a title="Voir le produit" href="http://www.refonte.auchandirect.fr/boissons/produits-salés-apéritifs/bretzels-et-sticks/id1/445712/101085"><img src="http://www.refonte.auchandirect.fr/static/images/products/line/101085.jpg" alt="" class="produit "/></a><div class="picto"><span class="invisible"></span></div><div class="boutons-produit"><a id="addProductToBasket_3" onclick="javascript:Tapestry.waitForPage(event);" title="Ajouter au panier" class="bt-produit-ajout-panier" href="http://www.refonte.auchandirect.fr/rayon.productgridorlist.productlist_1.thumbnailproduct_0.addproducttobasket/101085?t:ac=445712">Ajouter au panier</a><a id="addProductToShoppingList_4" onclick="javascript:Tapestry.waitForPage(event);" title="Ajouter à ma liste" class="bt-produit-ajout-liste" href="http://www.refonte.auchandirect.fr/rayon.productgridorlist.productlist_1.thumbnailproduct_0.addproducttoshoppinglist/101085?t:ac=445712">Ajouter à ma liste</a></div><div class="infos-produit-1"><div class="prix-actuel"><span>2.09€</span></div></div><div class="infos-produit-2"><a title="Voir le produit" href="http://www.refonte.auchandirect.fr/boissons/produits-salés-apéritifs/bretzels-et-sticks/id1/445712/101085"><h2>ANCEL</h2><h4>Bretzels et sticks</h4><h4></h4><p>
300 g
<br/>
6.97€/kg
</p></a></div><div class="mini_picto_bas"><img src="http://www.refonte.auchandirect.fr/static/images/DLC-garantie-30j_small.jpg"/></div></div></div></td></tr><tr><td><!-- PL : ici --><div class="bloc-produit "><div class="bloc-produit-content"><a title="Voir le produit" href="http://www.refonte.auchandirect.fr/boissons/produits-salés-apéritifs/cubes-de-fromage-fondu-nature-x-24/id1/445712/3699"><img src="http://www.refonte.auchandirect.fr/static/images/products/line/3699.jpg" alt="" class="produit "/></a><div class="picto"><span class="invisible"></span></div><div class="boutons-produit"><a id="addProductToBasket_4" onclick="javascript:Tapestry.waitForPage(event);" title="Ajouter au panier" class="bt-produit-ajout-panier" href="http://www.refonte.auchandirect.fr/rayon.productgridorlist.productlist_1.thumbnailproduct_0.addproducttobasket/3699?t:ac=445712">Ajouter au panier</a><a id="addProductToShoppingList_5" onclick="javascript:Tapestry.waitForPage(event);" title="Ajouter à ma liste" class="bt-produit-ajout-liste" href="http://www.refonte.auchandirect.fr/rayon.productgridorlist.productlist_1.thumbnailproduct_0.addproducttoshoppinglist/3699?t:ac=445712">Ajouter à ma liste</a></div><div class="infos-produit-1"><div class="prix-actuel"><span>2.13€</span></div></div><div class="infos-produit-2"><a title="Voir le produit" href="http://www.refonte.auchandirect.fr/boissons/produits-salés-apéritifs/cubes-de-fromage-fondu-nature-x-24/id1/445712/3699"><h2>APERICUBE</h2><h4>Cubes de fromage fondu nature x 24</h4><h4>Nature</h4><p>
125 g
<br/>
17.04€/kg
</p></a></div><div class="mini_picto_bas"><img alt="frais" src="http://www.refonte.auchandirect.fr/static/images/frais_small.jpg"/><img src="http://www.refonte.auchandirect.fr/static/images/DLC-garantie-6j_small.jpg"/></div></div></div></td><td><!-- PL : ici --><div class="bloc-produit "><div class="bloc-produit-content"><a title="Voir le produit" href="http://www.refonte.auchandirect.fr/boissons/produits-salés-apéritifs/cubes-de-fromage-fondu-x-24/id1/445712/3700"><img src="http://www.refonte.auchandirect.fr/static/images/products/line/3700.jpg" alt="" class="produit "/></a><div class="picto"><span class="invisible"></span></div><div class="boutons-produit"><a id="addProductToBasket_5" onclick="javascript:Tapestry.waitForPage(event);" title="Ajouter au panier" class="bt-produit-ajout-panier" href="http://www.refonte.auchandirect.fr/rayon.productgridorlist.productlist_1.thumbnailproduct_0.addproducttobasket/3700?t:ac=445712">Ajouter au panier</a><a id="addProductToShoppingList_6" onclick="javascript:Tapestry.waitForPage(event);" title="Ajouter à ma liste" class="bt-produit-ajout-liste" href="http://www.refonte.auchandirect.fr/rayon.productgridorlist.productlist_1.thumbnailproduct_0.addproducttoshoppinglist/3700?t:ac=445712">Ajouter à ma liste</a></div><div class="infos-produit-1"><div class="prix-actuel"><span>2.07€</span></div></div><div class="infos-produit-2"><a title="Voir le produit" href="http://www.refonte.auchandirect.fr/boissons/produits-salés-apéritifs/cubes-de-fromage-fondu-x-24/id1/445712/3700"><h2>APERICUBE</h2><h4>Cubes de fromage fondu x 24</h4><h4>Campagne</h4><p>
125 g
<br/>
16.56€/kg
</p></a></div><div class="mini_picto_bas"><img alt="frais" src="http://www.refonte.auchandirect.fr/static/images/frais_small.jpg"/><img src="http://www.refonte.auchandirect.fr/static/images/DLC-garantie-6j_small.jpg"/></div></div></div></td><td><!-- PL : ici --><div class="bloc-produit "><div class="bloc-produit-content"><a title="Voir le produit" href="http://www.refonte.auchandirect.fr/boissons/produits-salés-apéritifs/assortiment-de-cubes-de-fromage-fondu/id1/445712/55352"><img src="http://www.refonte.auchandirect.fr/static/images/products/line/55352.jpg" alt="" class="produit "/></a><div class="picto"><span class="invisible"></span></div><div class="boutons-produit"><a id="addProductToBasket_6" onclick="javascript:Tapestry.waitForPage(event);" title="Ajouter au panier" class="bt-produit-ajout-panier" href="http://www.refonte.auchandirect.fr/rayon.productgridorlist.productlist_1.thumbnailproduct_0.addproducttobasket/55352?t:ac=445712">Ajouter au panier</a><a id="addProductToShoppingList_7" onclick="javascript:Tapestry.waitForPage(event);" title="Ajouter à ma liste" class="bt-produit-ajout-liste" href="http://www.refonte.auchandirect.fr/rayon.productgridorlist.productlist_1.thumbnailproduct_0.addproducttoshoppinglist/55352?t:ac=445712">Ajouter à ma liste</a></div><div class="infos-produit-1"><div class="prix-actuel"><span>4.01€</span></div></div><div class="infos-produit-2"><a title="Voir le produit" href="http://www.refonte.auchandirect.fr/boissons/produits-salés-apéritifs/assortiment-de-cubes-de-fromage-fondu/id1/445712/55352"><h2>APERICUBE</h2><h4>Assortiment de cubes de fromage fondu</h4><h4>Printemps/Eté</h4><p>
250 g
<br/>
16.04€/kg
</p></a></div><div class="mini_picto_bas"><img alt="frais" src="http://www.refonte.auchandirect.fr/static/images/frais_small.jpg"/><img src="http://www.refonte.auchandirect.fr/static/images/DLC-garantie-6j_small.jpg"/></div></div></div></td></tr><tr><td><!-- PL : ici --><div class="bloc-produit "><div class="bloc-produit-content"><a title="Voir le produit" href="http://www.refonte.auchandirect.fr/boissons/produits-salés-apéritifs/assortiment-de-cubes-de-fromage-fondu-x-48/id1/445712/38337"><img src="http://www.refonte.auchandirect.fr/static/images/products/line/38337.jpg" alt="" class="produit "/></a><div class="picto"><span class="invisible"></span></div><div class="boutons-produit"><a id="addProductToBasket_7" onclick="javascript:Tapestry.waitForPage(event);" title="Ajouter au panier" class="bt-produit-ajout-panier" href="http://www.refonte.auchandirect.fr/rayon.productgridorlist.productlist_1.thumbnailproduct_0.addproducttobasket/38337?t:ac=445712">Ajouter au panier</a><a id="addProductToShoppingList_8" onclick="javascript:Tapestry.waitForPage(event);" title="Ajouter à ma liste" class="bt-produit-ajout-liste" href="http://www.refonte.auchandirect.fr/rayon.productgridorlist.productlist_1.thumbnailproduct_0.addproducttoshoppinglist/38337?t:ac=445712">Ajouter à ma liste</a></div><div class="infos-produit-1"><div class="prix-actuel"><span>4.01€</span></div></div><div class="infos-produit-2"><a title="Voir le produit" href="http://www.refonte.auchandirect.fr/boissons/produits-salés-apéritifs/assortiment-de-cubes-de-fromage-fondu-x-48/id1/445712/38337"><h2>APERICUBE</h2><h4>Assortiment de cubes de fromage fondu x 48</h4><h4>Coktail</h4><p>
250 g
<br/>
16.04€/kg
</p></a></div><div class="mini_picto_bas"><img alt="frais" src="http://www.refonte.auchandirect.fr/static/images/frais_small.jpg"/><img src="http://www.refonte.auchandirect.fr/static/images/DLC-garantie-6j_small.jpg"/></div></div></div></td><td><!-- PL : ici --><div class="bloc-produit "><div class="bloc-produit-content"><a title="Voir le produit" href="http://www.refonte.auchandirect.fr/boissons/produits-salés-apéritifs/assortiment-de-cubes-de-fromage-fondu-x-24/id1/445712/38649"><img src="http://www.refonte.auchandirect.fr/static/images/products/line/38649.jpg" alt="" class="produit "/></a><div class="picto"><span class="invisible"></span></div><div class="boutons-produit"><a id="addProductToBasket_8" onclick="javascript:Tapestry.waitForPage(event);" title="Ajouter au panier" class="bt-produit-ajout-panier" href="http://www.refonte.auchandirect.fr/rayon.productgridorlist.productlist_1.thumbnailproduct_0.addproducttobasket/38649?t:ac=445712">Ajouter au panier</a><a id="addProductToShoppingList_9" onclick="javascript:Tapestry.waitForPage(event);" title="Ajouter à ma liste" class="bt-produit-ajout-liste" href="http://www.refonte.auchandirect.fr/rayon.productgridorlist.productlist_1.thumbnailproduct_0.addproducttoshoppinglist/38649?t:ac=445712">Ajouter à ma liste</a></div><div class="infos-produit-1"><div class="prix-actuel"><span>2.30€</span></div></div><div class="infos-produit-2"><a title="Voir le produit" href="http://www.refonte.auchandirect.fr/boissons/produits-salés-apéritifs/assortiment-de-cubes-de-fromage-fondu-x-24/id1/445712/38649"><h2>APERICUBE</h2><h4>Assortiment de cubes de fromage fondu x 24</h4><h4>Marché de provence</h4><p>
125 g
<br/>
18.40€/kg
</p></a></div><div class="mini_picto_bas"><img alt="frais" src="http://www.refonte.auchandirect.fr/static/images/frais_small.jpg"/><img src="http://www.refonte.auchandirect.fr/static/images/DLC-garantie-6j_small.jpg"/></div></div></div></td><td><!-- PL : ici --><div class="bloc-produit "><div class="bloc-produit-content"><a title="Voir le produit" href="http://www.refonte.auchandirect.fr/boissons/produits-salés-apéritifs/best-of-des-saveurs-edition-spéciale-50-ans/id1/445712/59794"><img src="http://www.refonte.auchandirect.fr/static/images/products/line/59794.jpg" alt="" class="produit "/></a><div class="picto"><span class="invisible"></span></div><div class="boutons-produit"><a id="addProductToBasket_9" onclick="javascript:Tapestry.waitForPage(event);" title="Ajouter au panier" class="bt-produit-ajout-panier" href="http://www.refonte.auchandirect.fr/rayon.productgridorlist.productlist_1.thumbnailproduct_0.addproducttobasket/59794?t:ac=445712">Ajouter au panier</a><a id="addProductToShoppingList_10" onclick="javascript:Tapestry.waitForPage(event);" title="Ajouter à ma liste" class="bt-produit-ajout-liste" href="http://www.refonte.auchandirect.fr/rayon.productgridorlist.productlist_1.thumbnailproduct_0.addproducttoshoppinglist/59794?t:ac=445712">Ajouter à ma liste</a></div><div class="infos-produit-1"><div class="prix-actuel"><span>4.09€</span></div></div><div class="infos-produit-2"><a title="Voir le produit" href="http://www.refonte.auchandirect.fr/boissons/produits-salés-apéritifs/best-of-des-saveurs-edition-spéciale-50-ans/id1/445712/59794"><h2>APERICUBE</h2><h4>Best Of des Saveurs Edition spéciale 50 ans</h4><h4></h4><p>
250 g
<br/>
16.36€/kg
</p></a></div><div class="mini_picto_bas"><img alt="frais" src="http://www.refonte.auchandirect.fr/static/images/frais_small.jpg"/><img src="http://www.refonte.auchandirect.fr/static/images/DLC-garantie-6j_small.jpg"/></div></div></div></td></tr><tr><td><!-- PL : ici --><div class="bloc-produit produit-auchan bientot-dispo"><div class="bloc-produit-content"><a title="Voir le produit" href="http://www.refonte.auchandirect.fr/boissons/produits-salés-apéritifs/chips-de-crevette/id1/445712/7666"><img src="http://www.refonte.auchandirect.fr/static/images/products/line/7666.jpg" alt="" class="produit "/></a><div class="picto"><span class="invisible"></span></div><div class="boutons-produit"><a class="bt-produit-ajout-panier disable" title="Bientôt disponible" href="javascript:void(0)">Bientôt disponible</a><a id="addProductToShoppingList_11" onclick="javascript:Tapestry.waitForPage(event);" title="Ajouter à ma liste" class="bt-produit-ajout-liste" href="http://www.refonte.auchandirect.fr/rayon.productgridorlist.productlist_1.thumbnailproduct_0.addproducttoshoppinglist/7666?t:ac=445712">Ajouter à ma liste</a></div><div class="infos-produit-1"><div class="prix-actuel"><span>0.58€</span></div></div><div class="infos-produit-2"><a title="Voir le produit" href="http://www.refonte.auchandirect.fr/boissons/produits-salés-apéritifs/chips-de-crevette/id1/445712/7666"><h2>AUCHAN</h2><h4>Chips de crevette</h4><h4></h4><p>
50 g
<br/>
11.60€/kg
</p></a></div><div class="mini_picto_bas"><img src="http://www.refonte.auchandirect.fr/static/images/DLC-garantie-30j_small.jpg"/></div></div></div></td><td><!-- PL : ici --><div class="bloc-produit produit-auchan"><div class="bloc-produit-content"><a title="Voir le produit" href="http://www.refonte.auchandirect.fr/boissons/produits-salés-apéritifs/chips-barbecue/id1/445712/60828"><img src="http://www.refonte.auchandirect.fr/static/images/products/line/60828.jpg" alt="" class="produit "/></a><div class="picto"><span class="invisible"></span></div><div class="boutons-produit"><a id="addProductToBasket_10" onclick="javascript:Tapestry.waitForPage(event);" title="Ajouter au panier" class="bt-produit-ajout-panier" href="http://www.refonte.auchandirect.fr/rayon.productgridorlist.productlist_1.thumbnailproduct_0.addproducttobasket/60828?t:ac=445712">Ajouter au panier</a><a id="addProductToShoppingList_12" onclick="javascript:Tapestry.waitForPage(event);" title="Ajouter à ma liste" class="bt-produit-ajout-liste" href="http://www.refonte.auchandirect.fr/rayon.productgridorlist.productlist_1.thumbnailproduct_0.addproducttoshoppinglist/60828?t:ac=445712">Ajouter à ma liste</a></div><div class="infos-produit-1"><div class="prix-actuel"><span>0.99€</span></div></div><div class="infos-produit-2"><a title="Voir le produit" href="http://www.refonte.auchandirect.fr/boissons/produits-salés-apéritifs/chips-barbecue/id1/445712/60828"><h2>AUCHAN</h2><h4>Chips barbecue</h4><h4></h4><p>
135 g
<br/>
7.33€/kg
</p></a></div><div class="mini_picto_bas"><img src="http://www.refonte.auchandirect.fr/static/images/DLC-garantie-30j_small.jpg"/></div></div></div></td><td><!-- PL : ici --><div class="bloc-produit produit-auchan"><div class="bloc-produit-content"><a title="Voir le produit" href="http://www.refonte.auchandirect.fr/boissons/produits-salés-apéritifs/chips-aromatisées/id1/445712/76549"><img src="http://www.refonte.auchandirect.fr/static/images/products/line/76549.jpg" alt="" class="produit "/></a><div class="picto"><span class="invisible"></span></div><div class="boutons-produit"><a id="addProductToBasket_11" onclick="javascript:Tapestry.waitForPage(event);" title="Ajouter au panier" class="bt-produit-ajout-panier" href="http://www.refonte.auchandirect.fr/rayon.productgridorlist.productlist_1.thumbnailproduct_0.addproducttobasket/76549?t:ac=445712">Ajouter au panier</a><a id="addProductToShoppingList_13" onclick="javascript:Tapestry.waitForPage(event);" title="Ajouter à ma liste" class="bt-produit-ajout-liste" href="http://www.refonte.auchandirect.fr/rayon.productgridorlist.productlist_1.thumbnailproduct_0.addproducttoshoppinglist/76549?t:ac=445712">Ajouter à ma liste</a></div><div class="infos-produit-1"><div class="prix-actuel"><span>1.82€</span></div></div><div class="infos-produit-2"><a title="Voir le produit" href="http://www.refonte.auchandirect.fr/boissons/produits-salés-apéritifs/chips-aromatisées/id1/445712/76549"><h2>AUCHAN</h2><h4>Chips aromatisées</h4><h4></h4><p>
6 x 30 g
<br/>
10.11€/kg
</p></a></div><div class="mini_picto_bas"></div></div></div></td></tr><tr><td><!-- PL : ici --><div class="bloc-produit produit-auchan"><div class="bloc-produit-content"><a title="Voir le produit" href="http://www.refonte.auchandirect.fr/boissons/produits-salés-apéritifs/chips-aromatisées/id1/445712/73181"><img src="http://www.refonte.auchandirect.fr/static/images/products/line/73181.jpg" alt="" class="produit "/></a><div class="picto"><span class="invisible"></span></div><div class="boutons-produit"><a id="addProductToBasket_12" onclick="javascript:Tapestry.waitForPage(event);" title="Ajouter au panier" class="bt-produit-ajout-panier" href="http://www.refonte.auchandirect.fr/rayon.productgridorlist.productlist_1.thumbnailproduct_0.addproducttobasket/73181?t:ac=445712">Ajouter au panier</a><a id="addProductToShoppingList_14" onclick="javascript:Tapestry.waitForPage(event);" title="Ajouter à ma liste" class="bt-produit-ajout-liste" href="http://www.refonte.auchandirect.fr/rayon.productgridorlist.productlist_1.thumbnailproduct_0.addproducttoshoppinglist/73181?t:ac=445712">Ajouter à ma liste</a></div><div class="infos-produit-1"><div class="prix-actuel"><span>0.99€</span></div></div><div class="infos-produit-2"><a title="Voir le produit" href="http://www.refonte.auchandirect.fr/boissons/produits-salés-apéritifs/chips-aromatisées/id1/445712/73181"><h2>AUCHAN</h2><h4>Chips aromatisées</h4><h4>Bolognaise</h4><p>
135 g
<br/>
7.33€/kg
</p></a></div><div class="mini_picto_bas"></div></div></div></td><td><!-- PL : ici --><div class="bloc-produit produit-auchan"><div class="bloc-produit-content"><a title="Voir le produit" href="http://www.refonte.auchandirect.fr/boissons/produits-salés-apéritifs/chips/id1/445712/1535"><img src="http://www.refonte.auchandirect.fr/static/images/products/line/1535.jpg" alt="" class="produit "/></a><div class="picto"><span class="invisible"></span></div><div class="boutons-produit"><a id="addProductToBasket_13" onclick="javascript:Tapestry.waitForPage(event);" title="Ajouter au panier" class="bt-produit-ajout-panier" href="http://www.refonte.auchandirect.fr/rayon.productgridorlist.productlist_1.thumbnailproduct_0.addproducttobasket/1535?t:ac=445712">Ajouter au panier</a><a id="addProductToShoppingList_15" onclick="javascript:Tapestry.waitForPage(event);" title="Ajouter à ma liste" class="bt-produit-ajout-liste" href="http://www.refonte.auchandirect.fr/rayon.productgridorlist.productlist_1.thumbnailproduct_0.addproducttoshoppinglist/1535?t:ac=445712">Ajouter à ma liste</a></div><div class="infos-produit-1"><div class="prix-actuel"><span>1.18€</span></div></div><div class="infos-produit-2"><a title="Voir le produit" href="http://www.refonte.auchandirect.fr/boissons/produits-salés-apéritifs/chips/id1/445712/1535"><h2>AUCHAN</h2><h4>Chips</h4><h4>Nature</h4><p>
200 g
<br/>
5.90€/kg
</p></a></div><div class="mini_picto_bas"><img src="http://www.refonte.auchandirect.fr/static/images/DLC-garantie-30j_small.jpg"/></div></div></div></td><td><!-- PL : ici --><div class="bloc-produit produit-auchan"><div class="bloc-produit-content"><a title="Voir le produit" href="http://www.refonte.auchandirect.fr/boissons/produits-salés-apéritifs/chips/id1/445712/2109"><img src="http://www.refonte.auchandirect.fr/static/images/products/line/2109.jpg" alt="" class="produit "/></a><div class="picto"><span class="invisible"></span></div><div class="boutons-produit"><a id="addProductToBasket_14" onclick="javascript:Tapestry.waitForPage(event);" title="Ajouter au panier" class="bt-produit-ajout-panier" href="http://www.refonte.auchandirect.fr/rayon.productgridorlist.productlist_1.thumbnailproduct_0.addproducttobasket/2109?t:ac=445712">Ajouter au panier</a><a id="addProductToShoppingList_16" onclick="javascript:Tapestry.waitForPage(event);" title="Ajouter à ma liste" class="bt-produit-ajout-liste" href="http://www.refonte.auchandirect.fr/rayon.productgridorlist.productlist_1.thumbnailproduct_0.addproducttoshoppinglist/2109?t:ac=445712">Ajouter à ma liste</a></div><div class="infos-produit-1"><div class="prix-actuel"><span>1.54€</span></div></div><div class="infos-produit-2"><a title="Voir le produit" href="http://www.refonte.auchandirect.fr/boissons/produits-salés-apéritifs/chips/id1/445712/2109"><h2>AUCHAN</h2><h4>Chips</h4><h4>Nature</h4><p>
350 g
<br/>
4.40€/kg
</p></a></div><div class="mini_picto_bas"><img src="http://www.refonte.auchandirect.fr/static/images/DLC-garantie-30j_small.jpg"/></div></div></div></td></tr><tr><td><!-- PL : ici --><div class="bloc-produit produit-auchan bientot-dispo"><div class="bloc-produit-content"><a title="Voir le produit" href="http://www.refonte.auchandirect.fr/boissons/produits-salés-apéritifs/chips-à-l'ancienne/id1/445712/2542"><img src="http://www.refonte.auchandirect.fr/static/images/products/line/2542.jpg" alt="" class="produit "/></a><div class="picto"><span class="invisible"></span></div><div class="boutons-produit"><a class="bt-produit-ajout-panier disable" title="Bientôt disponible" href="javascript:void(0)">Bientôt disponible</a><a id="addProductToShoppingList_17" onclick="javascript:Tapestry.waitForPage(event);" title="Ajouter à ma liste" class="bt-produit-ajout-liste" href="http://www.refonte.auchandirect.fr/rayon.productgridorlist.productlist_1.thumbnailproduct_0.addproducttoshoppinglist/2542?t:ac=445712">Ajouter à ma liste</a></div><div class="infos-produit-1"><div class="prix-actuel"><span>0.86€</span></div></div><div class="infos-produit-2"><a title="Voir le produit" href="http://www.refonte.auchandirect.fr/boissons/produits-salés-apéritifs/chips-à-l'ancienne/id1/445712/2542"><h2>AUCHAN</h2><h4>Chips à l'ancienne</h4><h4></h4><p>
150 g
<br/>
5.73€/kg
</p></a></div><div class="mini_picto_bas"><img src="http://www.refonte.auchandirect.fr/static/images/DLC-garantie-30j_small.jpg"/></div></div></div></td><td><!-- PL : ici --><div class="bloc-produit produit-auchan bientot-dispo"><div class="bloc-produit-content"><a title="Voir le produit" href="http://www.refonte.auchandirect.fr/boissons/produits-salés-apéritifs/chips-natures-fines-et-croustillantes/id1/445712/25316"><img src="http://www.refonte.auchandirect.fr/static/images/products/line/25316.jpg" alt="" class="produit "/></a><div class="picto"><span class="invisible"></span></div><div class="boutons-produit"><a class="bt-produit-ajout-panier disable" title="Bientôt disponible" href="javascript:void(0)">Bientôt disponible</a><a id="addProductToShoppingList_18" onclick="javascript:Tapestry.waitForPage(event);" title="Ajouter à ma liste" class="bt-produit-ajout-liste" href="http://www.refonte.auchandirect.fr/rayon.productgridorlist.productlist_1.thumbnailproduct_0.addproducttoshoppinglist/25316?t:ac=445712">Ajouter à ma liste</a></div><div class="infos-produit-1"><div class="prix-actuel"><span>1.19€</span></div></div><div class="infos-produit-2"><a title="Voir le produit" href="http://www.refonte.auchandirect.fr/boissons/produits-salés-apéritifs/chips-natures-fines-et-croustillantes/id1/445712/25316"><h2>AUCHAN</h2><h4>Chips natures fines et croustillantes</h4><h4></h4><p>
6 x 30 g
<br/>
6.61€/kg
</p></a></div><div class="mini_picto_bas"></div></div></div></td><td><!-- PL : ici --><div class="bloc-produit produit-auchan"><div class="bloc-produit-content"><a title="Voir le produit" href="http://www.refonte.auchandirect.fr/boissons/produits-salés-apéritifs/chips-salées/id1/445712/73235"><img src="http://www.refonte.auchandirect.fr/static/images/products/line/73235.jpg" alt="" class="produit "/></a><div class="picto"><span class="invisible"></span></div><div class="boutons-produit"><a id="addProductToBasket_15" onclick="javascript:Tapestry.waitForPage(event);" title="Ajouter au panier" class="bt-produit-ajout-panier" href="http://www.refonte.auchandirect.fr/rayon.productgridorlist.productlist_1.thumbnailproduct_0.addproducttobasket/73235?t:ac=445712">Ajouter au panier</a><a id="addProductToShoppingList_19" onclick="javascript:Tapestry.waitForPage(event);" title="Ajouter à ma liste" class="bt-produit-ajout-liste" href="http://www.refonte.auchandirect.fr/rayon.productgridorlist.productlist_1.thumbnailproduct_0.addproducttoshoppinglist/73235?t:ac=445712">Ajouter à ma liste</a></div><div class="infos-produit-1"><div class="prix-actuel"><span>1.50€</span></div></div><div class="infos-produit-2"><a title="Voir le produit" href="http://www.refonte.auchandirect.fr/boissons/produits-salés-apéritifs/chips-salées/id1/445712/73235"><h2>AUCHAN</h2><h4>Chips salées</h4><h4>A l'ancienne</h4><p>
6 x 30 g
<br/>
8.33€/kg
</p></a></div><div class="mini_picto_bas"></div></div></div></td></tr><tr><td><!-- PL : ici --><div class="bloc-produit produit-auchan"><div class="bloc-produit-content"><a title="Voir le produit" href="http://www.refonte.auchandirect.fr/boissons/produits-salés-apéritifs/tuiles-salées-à-base-de-pomme-de-terre/id1/445712/50275"><img src="http://www.refonte.auchandirect.fr/static/images/products/line/50275.jpg" alt="" class="produit "/></a><div class="picto"><span class="invisible"></span></div><div class="boutons-produit"><a id="addProductToBasket_16" onclick="javascript:Tapestry.waitForPage(event);" title="Ajouter au panier" class="bt-produit-ajout-panier" href="http://www.refonte.auchandirect.fr/rayon.productgridorlist.productlist_1.thumbnailproduct_0.addproducttobasket/50275?t:ac=445712">Ajouter au panier</a><a id="addProductToShoppingList_20" onclick="javascript:Tapestry.waitForPage(event);" title="Ajouter à ma liste" class="bt-produit-ajout-liste" href="http://www.refonte.auchandirect.fr/rayon.productgridorlist.productlist_1.thumbnailproduct_0.addproducttoshoppinglist/50275?t:ac=445712">Ajouter à ma liste</a></div><div class="infos-produit-1"><div class="prix-actuel"><span>1.34€</span></div></div><div class="infos-produit-2"><a title="Voir le produit" href="http://www.refonte.auchandirect.fr/boissons/produits-salés-apéritifs/tuiles-salées-à-base-de-pomme-de-terre/id1/445712/50275"><h2>AUCHAN</h2><h4>Tuiles salées à base de pomme de terre</h4><h4>Paprika</h4><p>
170 g
<br/>
7.88€/kg
</p></a></div><div class="mini_picto_bas"><img src="http://www.refonte.auchandirect.fr/static/images/DLC-garantie-30j_small.jpg"/></div></div></div></td><td><!-- PL : ici --><div class="bloc-produit produit-auchan"><div class="bloc-produit-content"><a title="Voir le produit" href="http://www.refonte.auchandirect.fr/boissons/produits-salés-apéritifs/tuiles-salées-à-base-de-pomme-de-terre/id1/445712/50299"><img src="http://www.refonte.auchandirect.fr/static/images/products/line/50299.jpg" alt="" class="produit "/></a><div class="picto"><span class="invisible"></span></div><div class="boutons-produit"><a id="addProductToBasket_17" onclick="javascript:Tapestry.waitForPage(event);" title="Ajouter au panier" class="bt-produit-ajout-panier" href="http://www.refonte.auchandirect.fr/rayon.productgridorlist.productlist_1.thumbnailproduct_0.addproducttobasket/50299?t:ac=445712">Ajouter au panier</a><a id="addProductToShoppingList_21" onclick="javascript:Tapestry.waitForPage(event);" title="Ajouter à ma liste" class="bt-produit-ajout-liste" href="http://www.refonte.auchandirect.fr/rayon.productgridorlist.productlist_1.thumbnailproduct_0.addproducttoshoppinglist/50299?t:ac=445712">Ajouter à ma liste</a></div><div class="infos-produit-1"><div class="prix-actuel"><span>1.34€</span></div></div><div class="infos-produit-2"><a title="Voir le produit" href="http://www.refonte.auchandirect.fr/boissons/produits-salés-apéritifs/tuiles-salées-à-base-de-pomme-de-terre/id1/445712/50299"><h2>AUCHAN</h2><h4>Tuiles salées à base de pomme de terre</h4><h4>Oignons</h4><p>
170 g
<br/>
7.88€/kg
</p></a></div><div class="mini_picto_bas"><img src="http://www.refonte.auchandirect.fr/static/images/DLC-garantie-30j_small.jpg"/></div></div></div></td><td><!-- PL : ici --><div class="bloc-produit produit-auchan"><div class="bloc-produit-content"><a title="Voir le produit" href="http://www.refonte.auchandirect.fr/boissons/produits-salés-apéritifs/tuiles-salées-à-base-de-pomme-de-terre/id1/445712/52266"><img src="http://www.refonte.auchandirect.fr/static/images/products/line/52266.jpg" alt="" class="produit "/></a><div class="picto"><span class="invisible"></span></div><div class="boutons-produit"><a id="addProductToBasket_18" onclick="javascript:Tapestry.waitForPage(event);" title="Ajouter au panier" class="bt-produit-ajout-panier" href="http://www.refonte.auchandirect.fr/rayon.productgridorlist.productlist_1.thumbnailproduct_0.addproducttobasket/52266?t:ac=445712">Ajouter au panier</a><a id="addProductToShoppingList_22" onclick="javascript:Tapestry.waitForPage(event);" title="Ajouter à ma liste" class="bt-produit-ajout-liste" href="http://www.refonte.auchandirect.fr/rayon.productgridorlist.productlist_1.thumbnailproduct_0.addproducttoshoppinglist/52266?t:ac=445712">Ajouter à ma liste</a></div><div class="infos-produit-1"><div class="prix-actuel"><span>1.29€</span></div></div><div class="infos-produit-2"><a title="Voir le produit" href="http://www.refonte.auchandirect.fr/boissons/produits-salés-apéritifs/tuiles-salées-à-base-de-pomme-de-terre/id1/445712/52266"><h2>AUCHAN</h2><h4>Tuiles salées à base de pomme de terre</h4><h4>Salé</h4><p>
170 g
<br/>
7.59€/kg
</p></a></div><div class="mini_picto_bas"><img src="http://www.refonte.auchandirect.fr/static/images/DLC-garantie-30j_small.jpg"/></div></div></div></td></tr><tr><td><!-- PL : ici --><div class="bloc-produit produit-auchan"><div class="bloc-produit-content"><a title="Voir le produit" href="http://www.refonte.auchandirect.fr/boissons/produits-salés-apéritifs/cacahuètes-géantes-grillées-et-salées/id1/445712/5351"><img src="http://www.refonte.auchandirect.fr/static/images/products/line/5351.jpg" alt="" class="produit "/></a><div class="picto"><span class="invisible"></span></div><div class="boutons-produit"><a id="addProductToBasket_19" onclick="javascript:Tapestry.waitForPage(event);" title="Ajouter au panier" class="bt-produit-ajout-panier" href="http://www.refonte.auchandirect.fr/rayon.productgridorlist.productlist_1.thumbnailproduct_0.addproducttobasket/5351?t:ac=445712">Ajouter au panier</a><a id="addProductToShoppingList_23" onclick="javascript:Tapestry.waitForPage(event);" title="Ajouter à ma liste" class="bt-produit-ajout-liste" href="http://www.refonte.auchandirect.fr/rayon.productgridorlist.productlist_1.thumbnailproduct_0.addproducttoshoppinglist/5351?t:ac=445712">Ajouter à ma liste</a></div><div class="infos-produit-1"><div class="prix-actuel"><span>2.28€</span></div></div><div class="infos-produit-2"><a title="Voir le produit" href="http://www.refonte.auchandirect.fr/boissons/produits-salés-apéritifs/cacahuètes-géantes-grillées-et-salées/id1/445712/5351"><h2>AUCHAN</h2><h4>Cacahuètes géantes grillées et salées</h4><h4></h4><p>
300 g
<br/>
7.60€/kg
</p></a></div><div class="mini_picto_bas"><img src="http://www.refonte.auchandirect.fr/static/images/DLC-garantie-30j_small.jpg"/></div></div></div></td><td><!-- PL : ici --><div class="bloc-produit produit-auchan"><div class="bloc-produit-content"><a title="Voir le produit" href="http://www.refonte.auchandirect.fr/boissons/produits-salés-apéritifs/cacahuètes-salées/id1/445712/37699"><img src="http://www.refonte.auchandirect.fr/static/images/products/line/37699.jpg" alt="" class="produit "/></a><div class="picto"><span class="invisible"></span></div><div class="boutons-produit"><a id="addProductToBasket_20" onclick="javascript:Tapestry.waitForPage(event);" title="Ajouter au panier" class="bt-produit-ajout-panier" href="http://www.refonte.auchandirect.fr/rayon.productgridorlist.productlist_1.thumbnailproduct_0.addproducttobasket/37699?t:ac=445712">Ajouter au panier</a><a id="addProductToShoppingList_24" onclick="javascript:Tapestry.waitForPage(event);" title="Ajouter à ma liste" class="bt-produit-ajout-liste" href="http://www.refonte.auchandirect.fr/rayon.productgridorlist.productlist_1.thumbnailproduct_0.addproducttoshoppinglist/37699?t:ac=445712">Ajouter à ma liste</a></div><div class="infos-produit-1"><div class="prix-actuel"><span>1.94€</span></div></div><div class="infos-produit-2"><a title="Voir le produit" href="http://www.refonte.auchandirect.fr/boissons/produits-salés-apéritifs/cacahuètes-salées/id1/445712/37699"><h2>AUCHAN</h2><h4>Cacahuètes salées</h4><h4></h4><p>
500 g
<br/>
3.88€/kg
</p></a></div><div class="mini_picto_bas"><img src="http://www.refonte.auchandirect.fr/static/images/DLC-garantie-30j_small.jpg"/></div></div></div></td><td><!-- PL : ici --><div class="bloc-produit produit-auchan"><div class="bloc-produit-content"><a title="Voir le produit" href="http://www.refonte.auchandirect.fr/boissons/produits-salés-apéritifs/cacahuètes-sans-sel-ajouté/id1/445712/60782"><img src="http://www.refonte.auchandirect.fr/static/images/products/line/60782.jpg" alt="" class="produit "/></a><div class="picto"><span class="invisible"></span></div><div class="boutons-produit"><a id="addProductToBasket_21" onclick="javascript:Tapestry.waitForPage(event);" title="Ajouter au panier" class="bt-produit-ajout-panier" href="http://www.refonte.auchandirect.fr/rayon.productgridorlist.productlist_1.thumbnailproduct_0.addproducttobasket/60782?t:ac=445712">Ajouter au panier</a><a id="addProductToShoppingList_25" onclick="javascript:Tapestry.waitForPage(event);" title="Ajouter à ma liste" class="bt-produit-ajout-liste" href="http://www.refonte.auchandirect.fr/rayon.productgridorlist.productlist_1.thumbnailproduct_0.addproducttoshoppinglist/60782?t:ac=445712">Ajouter à ma liste</a></div><div class="infos-produit-1"><div class="prix-actuel"><span>0.96€</span></div></div><div class="infos-produit-2"><a title="Voir le produit" href="http://www.refonte.auchandirect.fr/boissons/produits-salés-apéritifs/cacahuètes-sans-sel-ajouté/id1/445712/60782"><h2>AUCHAN</h2><h4>Cacahuètes sans sel ajouté</h4><h4></h4><p>
200 g
<br/>
4.80€/kg
</p></a></div><div class="mini_picto_bas"><img src="http://www.refonte.auchandirect.fr/static/images/DLC-garantie-30j_small.jpg"/></div></div></div></td></tr><tr><td><!-- PL : ici --><div class="bloc-produit produit-auchan"><div class="bloc-produit-content"><a title="Voir le produit" href="http://www.refonte.auchandirect.fr/boissons/produits-salés-apéritifs/cacahuètes-enrobées-papikra/id1/445712/72860"><img src="http://www.refonte.auchandirect.fr/static/images/products/line/72860.jpg" alt="" class="produit "/></a><div class="picto"><span class="invisible"></span></div><div class="boutons-produit"><a id="addProductToBasket_22" onclick="javascript:Tapestry.waitForPage(event);" title="Ajouter au panier" class="bt-produit-ajout-panier" href="http://www.refonte.auchandirect.fr/rayon.productgridorlist.productlist_1.thumbnailproduct_0.addproducttobasket/72860?t:ac=445712">Ajouter au panier</a><a id="addProductToShoppingList_26" onclick="javascript:Tapestry.waitForPage(event);" title="Ajouter à ma liste" class="bt-produit-ajout-liste" href="http://www.refonte.auchandirect.fr/rayon.productgridorlist.productlist_1.thumbnailproduct_0.addproducttoshoppinglist/72860?t:ac=445712">Ajouter à ma liste</a></div><div class="infos-produit-1"><div class="prix-actuel"><span>0.95€</span></div></div><div class="infos-produit-2"><a title="Voir le produit" href="http://www.refonte.auchandirect.fr/boissons/produits-salés-apéritifs/cacahuètes-enrobées-papikra/id1/445712/72860"><h2>AUCHAN</h2><h4>Cacahuètes enrobées papikra</h4><h4></h4><p>
125 g
<br/>
7.60€/kg
</p></a></div><div class="mini_picto_bas"></div></div></div></td><td><!-- PL : ici --><div class="bloc-produit produit-auchan"><div class="bloc-produit-content"><a title="Voir le produit" href="http://www.refonte.auchandirect.fr/boissons/produits-salés-apéritifs/mélange-de-fruits-exotiques/id1/445712/50166"><img src="http://www.refonte.auchandirect.fr/static/images/products/line/50166.jpg" alt="" class="produit "/></a><div class="picto"><span class="invisible"></span></div><div class="boutons-produit"><a id="addProductToBasket_23" onclick="javascript:Tapestry.waitForPage(event);" title="Ajouter au panier" class="bt-produit-ajout-panier" href="http://www.refonte.auchandirect.fr/rayon.productgridorlist.productlist_1.thumbnailproduct_0.addproducttobasket/50166?t:ac=445712">Ajouter au panier</a><a id="addProductToShoppingList_27" onclick="javascript:Tapestry.waitForPage(event);" title="Ajouter à ma liste" class="bt-produit-ajout-liste" href="http://www.refonte.auchandirect.fr/rayon.productgridorlist.productlist_1.thumbnailproduct_0.addproducttoshoppinglist/50166?t:ac=445712">Ajouter à ma liste</a></div><div class="infos-produit-1"><div class="prix-actuel"><span>1.28€</span></div></div><div class="infos-produit-2"><a title="Voir le produit" href="http://www.refonte.auchandirect.fr/boissons/produits-salés-apéritifs/mélange-de-fruits-exotiques/id1/445712/50166"><h2>AUCHAN</h2><h4>Mélange de fruits exotiques</h4><h4></h4><p>
120 g
<br/>
10.67€/kg
</p></a></div><div class="mini_picto_bas"><img src="http://www.refonte.auchandirect.fr/static/images/DLC-garantie-30j_small.jpg"/></div></div></div></td><td><!-- PL : ici --><div class="bloc-produit produit-auchan"><div class="bloc-produit-content"><a title="Voir le produit" href="http://www.refonte.auchandirect.fr/boissons/produits-salés-apéritifs/noix-de-cajou-salées/id1/445712/1199"><img src="http://www.refonte.auchandirect.fr/static/images/products/line/1199.jpg" alt="" class="produit "/></a><div class="picto"><span class="invisible"></span></div><div class="boutons-produit"><a id="addProductToBasket_24" onclick="javascript:Tapestry.waitForPage(event);" title="Ajouter au panier" class="bt-produit-ajout-panier" href="http://www.refonte.auchandirect.fr/rayon.productgridorlist.productlist_1.thumbnailproduct_0.addproducttobasket/1199?t:ac=445712">Ajouter au panier</a><a id="addProductToShoppingList_28" onclick="javascript:Tapestry.waitForPage(event);" title="Ajouter à ma liste" class="bt-produit-ajout-liste" href="http://www.refonte.auchandirect.fr/rayon.productgridorlist.productlist_1.thumbnailproduct_0.addproducttoshoppinglist/1199?t:ac=445712">Ajouter à ma liste</a></div><div class="infos-produit-1"><div class="prix-actuel"><span>2.04€</span></div></div><div class="infos-produit-2"><a title="Voir le produit" href="http://www.refonte.auchandirect.fr/boissons/produits-salés-apéritifs/noix-de-cajou-salées/id1/445712/1199"><h2>AUCHAN</h2><h4>Noix de cajou salées</h4><h4></h4><p>
150 g
<br/>
13.60€/kg
</p></a></div><div class="mini_picto_bas"><img src="http://www.refonte.auchandirect.fr/static/images/DLC-garantie-30j_small.jpg"/></div></div></div></td></tr><tr><td><!-- PL : ici --><div class="bloc-produit produit-auchan"><div class="bloc-produit-content"><a title="Voir le produit" href="http://www.refonte.auchandirect.fr/boissons/produits-salés-apéritifs/noix-de-cajou/id1/445712/50165"><img src="http://www.refonte.auchandirect.fr/static/images/products/line/50165.jpg" alt="" class="produit "/></a><div class="picto"><span class="invisible"></span></div><div class="boutons-produit"><a id="addProductToBasket_25" onclick="javascript:Tapestry.waitForPage(event);" title="Ajouter au panier" class="bt-produit-ajout-panier" href="http://www.refonte.auchandirect.fr/rayon.productgridorlist.productlist_1.thumbnailproduct_0.addproducttobasket/50165?t:ac=445712">Ajouter au panier</a><a id="addProductToShoppingList_29" onclick="javascript:Tapestry.waitForPage(event);" title="Ajouter à ma liste" class="bt-produit-ajout-liste" href="http://www.refonte.auchandirect.fr/rayon.productgridorlist.productlist_1.thumbnailproduct_0.addproducttoshoppinglist/50165?t:ac=445712">Ajouter à ma liste</a></div><div class="infos-produit-1"><div class="prix-actuel"><span>3.37€</span></div></div><div class="infos-produit-2"><a title="Voir le produit" href="http://www.refonte.auchandirect.fr/boissons/produits-salés-apéritifs/noix-de-cajou/id1/445712/50165"><h2>AUCHAN</h2><h4>Noix de cajou</h4><h4></h4><p>
250 g
<br/>
13.48€/kg
</p></a></div><div class="mini_picto_bas"><img src="http://www.refonte.auchandirect.fr/static/images/DLC-garantie-30j_small.jpg"/></div></div></div></td><td><!-- PL : ici --><div class="bloc-produit produit-auchan"><div class="bloc-produit-content"><a title="Voir le produit" href="http://www.refonte.auchandirect.fr/boissons/produits-salés-apéritifs/pistaches-grillées-et-salées/id1/445712/1547"><img src="http://www.refonte.auchandirect.fr/static/images/products/line/1547.jpg" alt="" class="produit "/></a><div class="picto"><span class="invisible"></span></div><div class="boutons-produit"><a id="addProductToBasket_26" onclick="javascript:Tapestry.waitForPage(event);" title="Ajouter au panier" class="bt-produit-ajout-panier" href="http://www.refonte.auchandirect.fr/rayon.productgridorlist.productlist_1.thumbnailproduct_0.addproducttobasket/1547?t:ac=445712">Ajouter au panier</a><a id="addProductToShoppingList_30" onclick="javascript:Tapestry.waitForPage(event);" title="Ajouter à ma liste" class="bt-produit-ajout-liste" href="http://www.refonte.auchandirect.fr/rayon.productgridorlist.productlist_1.thumbnailproduct_0.addproducttoshoppinglist/1547?t:ac=445712">Ajouter à ma liste</a></div><div class="infos-produit-1"><div class="prix-actuel"><span>2.20€</span></div></div><div class="infos-produit-2"><a title="Voir le produit" href="http://www.refonte.auchandirect.fr/boissons/produits-salés-apéritifs/pistaches-grillées-et-salées/id1/445712/1547"><h2>AUCHAN</h2><h4>Pistaches grillées et salées</h4><h4></h4><p>
200 g
<br/>
11.00€/kg
</p></a></div><div class="mini_picto_bas"></div></div></div></td><td><!-- PL : ici --><div class="bloc-produit produit-auchan"><div class="bloc-produit-content"><a title="Voir le produit" href="http://www.refonte.auchandirect.fr/boissons/produits-salés-apéritifs/pistaches-salées/id1/445712/77175"><img src="http://www.refonte.auchandirect.fr/static/images/products/line/77175.jpg" alt="" class="produit "/></a><div class="picto"><span class="invisible"></span></div><div class="boutons-produit"><a id="addProductToBasket_27" onclick="javascript:Tapestry.waitForPage(event);" title="Ajouter au panier" class="bt-produit-ajout-panier" href="http://www.refonte.auchandirect.fr/rayon.productgridorlist.productlist_1.thumbnailproduct_0.addproducttobasket/77175?t:ac=445712">Ajouter au panier</a><a id="addProductToShoppingList_31" onclick="javascript:Tapestry.waitForPage(event);" title="Ajouter à ma liste" class="bt-produit-ajout-liste" href="http://www.refonte.auchandirect.fr/rayon.productgridorlist.productlist_1.thumbnailproduct_0.addproducttoshoppinglist/77175?t:ac=445712">Ajouter à ma liste</a></div><div class="infos-produit-1"><div class="prix-actuel"><span>5.47€</span></div></div><div class="infos-produit-2"><a title="Voir le produit" href="http://www.refonte.auchandirect.fr/boissons/produits-salés-apéritifs/pistaches-salées/id1/445712/77175"><h2>AUCHAN</h2><h4>Pistaches salées</h4><h4></h4><p>
500 g
<br/>
10.94€/kg
</p></a></div><div class="mini_picto_bas"></div></div></div></td></tr><tr><td><!-- PL : ici --><div class="bloc-produit produit-auchan"><div class="bloc-produit-content"><a title="Voir le produit" href="http://www.refonte.auchandirect.fr/boissons/produits-salés-apéritifs/assortiment-de-biscuits-apéritifs/id1/445712/42326"><img src="http://www.refonte.auchandirect.fr/static/images/products/line/42326.jpg" alt="" class="produit "/></a><div class="picto"><span class="invisible"></span></div><div class="boutons-produit"><a id="addProductToBasket_28" onclick="javascript:Tapestry.waitForPage(event);" title="Ajouter au panier" class="bt-produit-ajout-panier" href="http://www.refonte.auchandirect.fr/rayon.productgridorlist.productlist_1.thumbnailproduct_0.addproducttobasket/42326?t:ac=445712">Ajouter au panier</a><a id="addProductToShoppingList_32" onclick="javascript:Tapestry.waitForPage(event);" title="Ajouter à ma liste" class="bt-produit-ajout-liste" href="http://www.refonte.auchandirect.fr/rayon.productgridorlist.productlist_1.thumbnailproduct_0.addproducttoshoppinglist/42326?t:ac=445712">Ajouter à ma liste</a></div><div class="infos-produit-1"><div class="prix-actuel"><span>0.88€</span></div></div><div class="infos-produit-2"><a title="Voir le produit" href="http://www.refonte.auchandirect.fr/boissons/produits-salés-apéritifs/assortiment-de-biscuits-apéritifs/id1/445712/42326"><h2>AUCHAN</h2><h4>Assortiment de biscuits apéritifs</h4><h4></h4><p>
100 g
<br/>
8.80€/kg
</p></a></div><div class="mini_picto_bas"><img src="http://www.refonte.auchandirect.fr/static/images/DLC-garantie-30j_small.jpg"/></div></div></div></td><td><!-- PL : ici --><div class="bloc-produit produit-auchan"><div class="bloc-produit-content"><a title="Voir le produit" href="http://www.refonte.auchandirect.fr/boissons/produits-salés-apéritifs/biscuits-fromage/id1/445712/1202"><img src="http://www.refonte.auchandirect.fr/static/images/products/line/1202.jpg" alt="" class="produit "/></a><div class="picto"><span class="invisible"></span></div><div class="boutons-produit"><a id="addProductToBasket_29" onclick="javascript:Tapestry.waitForPage(event);" title="Ajouter au panier" class="bt-produit-ajout-panier" href="http://www.refonte.auchandirect.fr/rayon.productgridorlist.productlist_1.thumbnailproduct_0.addproducttobasket/1202?t:ac=445712">Ajouter au panier</a><a id="addProductToShoppingList_33" onclick="javascript:Tapestry.waitForPage(event);" title="Ajouter à ma liste" class="bt-produit-ajout-liste" href="http://www.refonte.auchandirect.fr/rayon.productgridorlist.productlist_1.thumbnailproduct_0.addproducttoshoppinglist/1202?t:ac=445712">Ajouter à ma liste</a></div><div class="infos-produit-1"><div class="prix-actuel"><span>0.97€</span></div></div><div class="infos-produit-2"><a title="Voir le produit" href="http://www.refonte.auchandirect.fr/boissons/produits-salés-apéritifs/biscuits-fromage/id1/445712/1202"><h2>AUCHAN</h2><h4>Biscuits fromage</h4><h4>Chees' apero</h4><p>
100 g
<br/>
9.70€/kg
</p></a></div><div class="mini_picto_bas"><img src="http://www.refonte.auchandirect.fr/static/images/DLC-garantie-30j_small.jpg"/></div></div></div></td><td><!-- PL : ici --><div class="bloc-produit produit-auchan"><div class="bloc-produit-content"><a title="Voir le produit" href="http://www.refonte.auchandirect.fr/boissons/produits-salés-apéritifs/gressin-graînes-de-sésame/id1/445712/55696"><img src="http://www.refonte.auchandirect.fr/static/images/products/line/55696.jpg" alt="" class="produit "/></a><div class="picto"><span class="invisible"></span></div><div class="boutons-produit"><a id="addProductToBasket_30" onclick="javascript:Tapestry.waitForPage(event);" title="Ajouter au panier" class="bt-produit-ajout-panier" href="http://www.refonte.auchandirect.fr/rayon.productgridorlist.productlist_1.thumbnailproduct_0.addproducttobasket/55696?t:ac=445712">Ajouter au panier</a><a id="addProductToShoppingList_34" onclick="javascript:Tapestry.waitForPage(event);" title="Ajouter à ma liste" class="bt-produit-ajout-liste" href="http://www.refonte.auchandirect.fr/rayon.productgridorlist.productlist_1.thumbnailproduct_0.addproducttoshoppinglist/55696?t:ac=445712">Ajouter à ma liste</a></div><div class="infos-produit-1"><div class="prix-actuel"><span>1.39€</span></div></div><div class="infos-produit-2"><a title="Voir le produit" href="http://www.refonte.auchandirect.fr/boissons/produits-salés-apéritifs/gressin-graînes-de-sésame/id1/445712/55696"><h2>AUCHAN</h2><h4>Gressin graînes de sésame</h4><h4></h4><p>
125 g
<br/>
11.12€/kg
</p></a></div><div class="mini_picto_bas"><img src="http://www.refonte.auchandirect.fr/static/images/DLC-garantie-30j_small.jpg"/></div></div></div></td></tr><tr><td><!-- PL : ici --><div class="bloc-produit produit-auchan"><div class="bloc-produit-content"><a title="Voir le produit" href="http://www.refonte.auchandirect.fr/boissons/produits-salés-apéritifs/mini-choux-goût-chèvre-poivre/id1/445712/56200"><img src="http://www.refonte.auchandirect.fr/static/images/products/line/56200.jpg" alt="" class="produit "/></a><div class="picto"><span class="invisible"></span></div><div class="boutons-produit"><a id="addProductToBasket_31" onclick="javascript:Tapestry.waitForPage(event);" title="Ajouter au panier" class="bt-produit-ajout-panier" href="http://www.refonte.auchandirect.fr/rayon.productgridorlist.productlist_1.thumbnailproduct_0.addproducttobasket/56200?t:ac=445712">Ajouter au panier</a><a id="addProductToShoppingList_35" onclick="javascript:Tapestry.waitForPage(event);" title="Ajouter à ma liste" class="bt-produit-ajout-liste" href="http://www.refonte.auchandirect.fr/rayon.productgridorlist.productlist_1.thumbnailproduct_0.addproducttoshoppinglist/56200?t:ac=445712">Ajouter à ma liste</a></div><div class="infos-produit-1"><div class="prix-actuel"><span>1.24€</span></div></div><div class="infos-produit-2"><a title="Voir le produit" href="http://www.refonte.auchandirect.fr/boissons/produits-salés-apéritifs/mini-choux-goût-chèvre-poivre/id1/445712/56200"><h2>AUCHAN</h2><h4>Mini choux goût chèvre poivre</h4><h4></h4><p>
60 g
<br/>
20.67€/kg
</p></a></div><div class="mini_picto_bas"><img src="http://www.refonte.auchandirect.fr/static/images/DLC-garantie-30j_small.jpg"/></div></div></div></td><td><!-- PL : ici --><div class="bloc-produit produit-auchan bientot-dispo"><div class="bloc-produit-content"><a title="Voir le produit" href="http://www.refonte.auchandirect.fr/boissons/produits-salés-apéritifs/gressin-light-au-sésame/id1/445712/61144"><img src="http://www.refonte.auchandirect.fr/static/images/products/line/61144.jpg" alt="" class="produit "/></a><div class="picto"><span class="invisible"></span></div><div class="boutons-produit"><a class="bt-produit-ajout-panier disable" title="Bientôt disponible" href="javascript:void(0)">Bientôt disponible</a><a id="addProductToShoppingList_36" onclick="javascript:Tapestry.waitForPage(event);" title="Ajouter à ma liste" class="bt-produit-ajout-liste" href="http://www.refonte.auchandirect.fr/rayon.productgridorlist.productlist_1.thumbnailproduct_0.addproducttoshoppinglist/61144?t:ac=445712">Ajouter à ma liste</a></div><div class="infos-produit-1"><div class="prix-actuel"><span>1.29€</span></div></div><div class="infos-produit-2"><a title="Voir le produit" href="http://www.refonte.auchandirect.fr/boissons/produits-salés-apéritifs/gressin-light-au-sésame/id1/445712/61144"><h2>AUCHAN</h2><h4>Gressin light au sésame</h4><h4></h4><p>
125 g
<br/>
10.32€/kg
</p></a></div><div class="mini_picto_bas"><img src="http://www.refonte.auchandirect.fr/static/images/DLC-garantie-30j_small.jpg"/></div></div></div></td><td><!-- PL : ici --><div class="bloc-produit produit-auchan"><div class="bloc-produit-content"><a title="Voir le produit" href="http://www.refonte.auchandirect.fr/boissons/produits-salés-apéritifs/mini-choux-apéritifs-brebis-tomate/id1/445712/61148"><img src="http://www.refonte.auchandirect.fr/static/images/products/line/61148.jpg" alt="" class="produit "/></a><div class="picto"><span class="invisible"></span></div><div class="boutons-produit"><a id="addProductToBasket_32" onclick="javascript:Tapestry.waitForPage(event);" title="Ajouter au panier" class="bt-produit-ajout-panier" href="http://www.refonte.auchandirect.fr/rayon.productgridorlist.productlist_1.thumbnailproduct_0.addproducttobasket/61148?t:ac=445712">Ajouter au panier</a><a id="addProductToShoppingList_37" onclick="javascript:Tapestry.waitForPage(event);" title="Ajouter à ma liste" class="bt-produit-ajout-liste" href="http://www.refonte.auchandirect.fr/rayon.productgridorlist.productlist_1.thumbnailproduct_0.addproducttoshoppinglist/61148?t:ac=445712">Ajouter à ma liste</a></div><div class="infos-produit-1"><div class="prix-actuel"><span>1.24€</span></div></div><div class="infos-produit-2"><a title="Voir le produit" href="http://www.refonte.auchandirect.fr/boissons/produits-salés-apéritifs/mini-choux-apéritifs-brebis-tomate/id1/445712/61148"><h2>AUCHAN</h2><h4>Mini choux apéritifs brebis tomate</h4><h4></h4><p>
60 g
<br/>
20.67€/kg
</p></a></div><div class="mini_picto_bas"><img src="http://www.refonte.auchandirect.fr/static/images/DLC-garantie-30j_small.jpg"/></div></div></div></td></tr><tr><td><!-- PL : ici --><div class="bloc-produit produit-auchan bientot-dispo"><div class="bloc-produit-content"><a title="Voir le produit" href="http://www.refonte.auchandirect.fr/boissons/produits-salés-apéritifs/feuilletées-au-fromage/id1/445712/34977"><img src="http://www.refonte.auchandirect.fr/static/images/products/line/34977.jpg" alt="" class="produit "/></a><div class="picto"><span class="invisible"></span></div><div class="boutons-produit"><a class="bt-produit-ajout-panier disable" title="Bientôt disponible" href="javascript:void(0)">Bientôt disponible</a><a id="addProductToShoppingList_38" onclick="javascript:Tapestry.waitForPage(event);" title="Ajouter à ma liste" class="bt-produit-ajout-liste" href="http://www.refonte.auchandirect.fr/rayon.productgridorlist.productlist_1.thumbnailproduct_0.addproducttoshoppinglist/34977?t:ac=445712">Ajouter à ma liste</a></div><div class="infos-produit-1"><div class="prix-actuel"><span>1.64€</span></div></div><div class="infos-produit-2"><a title="Voir le produit" href="http://www.refonte.auchandirect.fr/boissons/produits-salés-apéritifs/feuilletées-au-fromage/id1/445712/34977"><h2>AUCHAN</h2><h4>Feuilletées au fromage</h4><h4>Mini Flûtes</h4><p>
125 g
<br/>
13.12€/kg
</p></a></div><div class="mini_picto_bas"><img src="http://www.refonte.auchandirect.fr/static/images/DLC-garantie-30j_small.jpg"/></div></div></div></td><td><!-- PL : ici --><div class="bloc-produit produit-auchan"><div class="bloc-produit-content"><a title="Voir le produit" href="http://www.refonte.auchandirect.fr/boissons/produits-salés-apéritifs/sticks-et-bretzels-d'alsace/id1/445712/61146"><img src="http://www.refonte.auchandirect.fr/static/images/products/line/61146.jpg" alt="" class="produit "/></a><div class="picto"><span class="invisible"></span></div><div class="boutons-produit"><a id="addProductToBasket_33" onclick="javascript:Tapestry.waitForPage(event);" title="Ajouter au panier" class="bt-produit-ajout-panier" href="http://www.refonte.auchandirect.fr/rayon.productgridorlist.productlist_1.thumbnailproduct_0.addproducttobasket/61146?t:ac=445712">Ajouter au panier</a><a id="addProductToShoppingList_39" onclick="javascript:Tapestry.waitForPage(event);" title="Ajouter à ma liste" class="bt-produit-ajout-liste" href="http://www.refonte.auchandirect.fr/rayon.productgridorlist.productlist_1.thumbnailproduct_0.addproducttoshoppinglist/61146?t:ac=445712">Ajouter à ma liste</a></div><div class="infos-produit-1"><div class="prix-actuel"><span>1.76€</span></div></div><div class="infos-produit-2"><a title="Voir le produit" href="http://www.refonte.auchandirect.fr/boissons/produits-salés-apéritifs/sticks-et-bretzels-d'alsace/id1/445712/61146"><h2>AUCHAN</h2><h4>Sticks et bretzels d'Alsace</h4><h4></h4><p>
300 g
<br/>
5.87€/kg
</p></a></div><div class="mini_picto_bas"><img src="http://www.refonte.auchandirect.fr/static/images/DLC-garantie-30j_small.jpg"/></div></div></div></td><td><!-- PL : ici --><div class="bloc-produit produit-auchan"><div class="bloc-produit-content"><a title="Voir le produit" href="http://www.refonte.auchandirect.fr/boissons/produits-salés-apéritifs/pétales-salés/id1/445712/37660"><img src="http://www.refonte.auchandirect.fr/static/images/products/line/37660.jpg" alt="" class="produit "/></a><div class="picto"><span class="invisible"></span></div><div class="boutons-produit"><a id="addProductToBasket_34" onclick="javascript:Tapestry.waitForPage(event);" title="Ajouter au panier" class="bt-produit-ajout-panier" href="http://www.refonte.auchandirect.fr/rayon.productgridorlist.productlist_1.thumbnailproduct_0.addproducttobasket/37660?t:ac=445712">Ajouter au panier</a><a id="addProductToShoppingList_40" onclick="javascript:Tapestry.waitForPage(event);" title="Ajouter à ma liste" class="bt-produit-ajout-liste" href="http://www.refonte.auchandirect.fr/rayon.productgridorlist.productlist_1.thumbnailproduct_0.addproducttoshoppinglist/37660?t:ac=445712">Ajouter à ma liste</a></div><div class="infos-produit-1"><div class="prix-actuel"><span>0.75€</span></div></div><div class="infos-produit-2"><a title="Voir le produit" href="http://www.refonte.auchandirect.fr/boissons/produits-salés-apéritifs/pétales-salés/id1/445712/37660"><h2>AUCHAN</h2><h4>Pétales salés</h4><h4></h4><p>
75 g
<br/>
10.00€/kg
</p></a></div><div class="mini_picto_bas"><img src="http://www.refonte.auchandirect.fr/static/images/DLC-garantie-30j_small.jpg"/></div></div></div></td></tr><tr><td><!-- PL : ici --><div class="bloc-produit produit-auchan bientot-dispo"><div class="bloc-produit-content"><a title="Voir le produit" href="http://www.refonte.auchandirect.fr/boissons/produits-salés-apéritifs/biscuits-soufflés-bacon/id1/445712/42586"><img src="http://www.refonte.auchandirect.fr/static/images/products/line/42586.jpg" alt="" class="produit "/></a><div class="picto"><span class="invisible"></span></div><div class="boutons-produit"><a class="bt-produit-ajout-panier disable" title="Bientôt disponible" href="javascript:void(0)">Bientôt disponible</a><a id="addProductToShoppingList_41" onclick="javascript:Tapestry.waitForPage(event);" title="Ajouter à ma liste" class="bt-produit-ajout-liste" href="http://www.refonte.auchandirect.fr/rayon.productgridorlist.productlist_1.thumbnailproduct_0.addproducttoshoppinglist/42586?t:ac=445712">Ajouter à ma liste</a></div><div class="infos-produit-1"><div class="prix-actuel"><span>0.54€</span></div></div><div class="infos-produit-2"><a title="Voir le produit" href="http://www.refonte.auchandirect.fr/boissons/produits-salés-apéritifs/biscuits-soufflés-bacon/id1/445712/42586"><h2>AUCHAN</h2><h4>Biscuits soufflés  bacon</h4><h4>Snacks</h4><p>
60 g
<br/>
9.00€/kg
</p></a></div><div class="mini_picto_bas"><img src="http://www.refonte.auchandirect.fr/static/images/DLC-garantie-30j_small.jpg"/></div></div></div></td><td><!-- PL : ici --><div class="bloc-produit produit-auchan"><div class="bloc-produit-content"><a title="Voir le produit" href="http://www.refonte.auchandirect.fr/boissons/produits-salés-apéritifs/soufflés-au-fromage/id1/445712/46200"><img src="http://www.refonte.auchandirect.fr/static/images/products/line/46200.jpg" alt="" class="produit "/></a><div class="picto"><span class="invisible"></span></div><div class="boutons-produit"><a id="addProductToBasket_35" onclick="javascript:Tapestry.waitForPage(event);" title="Ajouter au panier" class="bt-produit-ajout-panier" href="http://www.refonte.auchandirect.fr/rayon.productgridorlist.productlist_1.thumbnailproduct_0.addproducttobasket/46200?t:ac=445712">Ajouter au panier</a><a id="addProductToShoppingList_42" onclick="javascript:Tapestry.waitForPage(event);" title="Ajouter à ma liste" class="bt-produit-ajout-liste" href="http://www.refonte.auchandirect.fr/rayon.productgridorlist.productlist_1.thumbnailproduct_0.addproducttoshoppinglist/46200?t:ac=445712">Ajouter à ma liste</a></div><div class="infos-produit-1"><div class="prix-actuel"><span>1.06€</span></div></div><div class="infos-produit-2"><a title="Voir le produit" href="http://www.refonte.auchandirect.fr/boissons/produits-salés-apéritifs/soufflés-au-fromage/id1/445712/46200"><h2>AUCHAN</h2><h4>Soufflés au fromage</h4><h4></h4><p>
2 x 50 g
<br/>
10.60€/kg
</p></a></div><div class="mini_picto_bas"><img src="http://www.refonte.auchandirect.fr/static/images/DLC-garantie-30j_small.jpg"/></div></div></div></td><td><!-- PL : ici --><div class="bloc-produit produit-auchan"><div class="bloc-produit-content"><a title="Voir le produit" href="http://www.refonte.auchandirect.fr/boissons/produits-salés-apéritifs/croustillants-fromage/id1/445712/58019"><img src="http://www.refonte.auchandirect.fr/static/images/products/line/58019.jpg" alt="" class="produit "/></a><div class="picto"><span class="invisible"></span></div><div class="boutons-produit"><a id="addProductToBasket_36" onclick="javascript:Tapestry.waitForPage(event);" title="Ajouter au panier" class="bt-produit-ajout-panier" href="http://www.refonte.auchandirect.fr/rayon.productgridorlist.productlist_1.thumbnailproduct_0.addproducttobasket/58019?t:ac=445712">Ajouter au panier</a><a id="addProductToShoppingList_43" onclick="javascript:Tapestry.waitForPage(event);" title="Ajouter à ma liste" class="bt-produit-ajout-liste" href="http://www.refonte.auchandirect.fr/rayon.productgridorlist.productlist_1.thumbnailproduct_0.addproducttoshoppinglist/58019?t:ac=445712">Ajouter à ma liste</a></div><div class="infos-produit-1"><div class="prix-actuel"><span>0.75€</span></div></div><div class="infos-produit-2"><a title="Voir le produit" href="http://www.refonte.auchandirect.fr/boissons/produits-salés-apéritifs/croustillants-fromage/id1/445712/58019"><h2>AUCHAN</h2><h4>Croustillants fromage</h4><h4></h4><p>
90 g
<br/>
8.33€/kg
</p></a></div><div class="mini_picto_bas"><img src="http://www.refonte.auchandirect.fr/static/images/DLC-garantie-30j_small.jpg"/></div></div></div></td></tr><tr><td><!-- PL : ici --><div class="bloc-produit produit-auchan bientot-dispo"><div class="bloc-produit-content"><a title="Voir le produit" href="http://www.refonte.auchandirect.fr/boissons/produits-salés-apéritifs/croustillants-cacahuète/id1/445712/58020"><img src="http://www.refonte.auchandirect.fr/static/images/products/line/58020.jpg" alt="" class="produit "/></a><div class="picto"><span class="invisible"></span></div><div class="boutons-produit"><a class="bt-produit-ajout-panier disable" title="Bientôt disponible" href="javascript:void(0)">Bientôt disponible</a><a id="addProductToShoppingList_44" onclick="javascript:Tapestry.waitForPage(event);" title="Ajouter à ma liste" class="bt-produit-ajout-liste" href="http://www.refonte.auchandirect.fr/rayon.productgridorlist.productlist_1.thumbnailproduct_0.addproducttoshoppinglist/58020?t:ac=445712">Ajouter à ma liste</a></div><div class="infos-produit-1"><div class="prix-actuel"><span>0.75€</span></div></div><div class="infos-produit-2"><a title="Voir le produit" href="http://www.refonte.auchandirect.fr/boissons/produits-salés-apéritifs/croustillants-cacahuète/id1/445712/58020"><h2>AUCHAN</h2><h4>Croustillants cacahuète</h4><h4></h4><p>
90 g
<br/>
8.33€/kg
</p></a></div><div class="mini_picto_bas"><img src="http://www.refonte.auchandirect.fr/static/images/DLC-garantie-30j_small.jpg"/></div></div></div></td><td><!-- PL : ici --><div class="bloc-produit produit-auchan"><div class="bloc-produit-content"><a title="Voir le produit" href="http://www.refonte.auchandirect.fr/boissons/produits-salés-apéritifs/mini-blinis-fins-et-moelleux/id1/445712/13714"><img src="http://www.refonte.auchandirect.fr/static/images/products/line/13714.jpg" alt="" class="produit "/></a><div class="picto"><span class="invisible"></span></div><div class="boutons-produit"><a id="addProductToBasket_37" onclick="javascript:Tapestry.waitForPage(event);" title="Ajouter au panier" class="bt-produit-ajout-panier" href="http://www.refonte.auchandirect.fr/rayon.productgridorlist.productlist_1.thumbnailproduct_0.addproducttobasket/13714?t:ac=445712">Ajouter au panier</a><a id="addProductToShoppingList_45" onclick="javascript:Tapestry.waitForPage(event);" title="Ajouter à ma liste" class="bt-produit-ajout-liste" href="http://www.refonte.auchandirect.fr/rayon.productgridorlist.productlist_1.thumbnailproduct_0.addproducttoshoppinglist/13714?t:ac=445712">Ajouter à ma liste</a></div><div class="infos-produit-1"><div class="prix-actuel"><span>1.05€</span></div></div><div class="infos-produit-2"><a title="Voir le produit" href="http://www.refonte.auchandirect.fr/boissons/produits-salés-apéritifs/mini-blinis-fins-et-moelleux/id1/445712/13714"><h2>AUCHAN</h2><h4>Mini blinis fins et moelleux</h4><h4></h4><p>
135 g
<br/>
7.78€/kg
</p></a></div><div class="mini_picto_bas"><img alt="frais" src="http://www.refonte.auchandirect.fr/static/images/frais_small.jpg"/><img src="http://www.refonte.auchandirect.fr/static/images/DLC-garantie-6j_small.jpg"/></div></div></div></td><td><!-- PL : ici --><div class="bloc-produit produit-auchan"><div class="bloc-produit-content"><a title="Voir le produit" href="http://www.refonte.auchandirect.fr/boissons/produits-salés-apéritifs/rillettes-de-poulet-rôti-en-marmite/id1/445712/51123"><img src="http://www.refonte.auchandirect.fr/static/images/products/line/51123.jpg" alt="" class="produit "/></a><div class="picto"><span class="invisible"></span></div><div class="boutons-produit"><a id="addProductToBasket_38" onclick="javascript:Tapestry.waitForPage(event);" title="Ajouter au panier" class="bt-produit-ajout-panier" href="http://www.refonte.auchandirect.fr/rayon.productgridorlist.productlist_1.thumbnailproduct_0.addproducttobasket/51123?t:ac=445712">Ajouter au panier</a><a id="addProductToShoppingList_46" onclick="javascript:Tapestry.waitForPage(event);" title="Ajouter à ma liste" class="bt-produit-ajout-liste" href="http://www.refonte.auchandirect.fr/rayon.productgridorlist.productlist_1.thumbnailproduct_0.addproducttoshoppinglist/51123?t:ac=445712">Ajouter à ma liste</a></div><div class="infos-produit-1"><div class="prix-actuel"><span>2.28€</span></div></div><div class="infos-produit-2"><a title="Voir le produit" href="http://www.refonte.auchandirect.fr/boissons/produits-salés-apéritifs/rillettes-de-poulet-rôti-en-marmite/id1/445712/51123"><h2>AUCHAN</h2><h4>Rillettes de poulet rôti en marmite</h4><h4></h4><p>
220 g
<br/>
10.36€/kg
</p></a></div><div class="mini_picto_bas"><img alt="frais" src="http://www.refonte.auchandirect.fr/static/images/frais_small.jpg"/><img src="http://www.refonte.auchandirect.fr/static/images/DLC-garantie-6j_small.jpg"/></div></div></div></td></tr><tr><td><!-- PL : ici --><div class="bloc-produit produit-auchan bientot-dispo"><div class="bloc-produit-content"><a title="Voir le produit" href="http://www.refonte.auchandirect.fr/boissons/produits-salés-apéritifs/mini-blinis-cocktail-x-40/id1/445712/57922"><img src="http://www.refonte.auchandirect.fr/static/images/products/line/57922.jpg" alt="" class="produit "/></a><div class="picto"><span class="invisible"></span></div><div class="boutons-produit"><a class="bt-produit-ajout-panier disable" title="Bientôt disponible" href="javascript:void(0)">Bientôt disponible</a><a id="addProductToShoppingList_47" onclick="javascript:Tapestry.waitForPage(event);" title="Ajouter à ma liste" class="bt-produit-ajout-liste" href="http://www.refonte.auchandirect.fr/rayon.productgridorlist.productlist_1.thumbnailproduct_0.addproducttoshoppinglist/57922?t:ac=445712">Ajouter à ma liste</a></div><div class="infos-produit-1"><div class="prix-actuel"><span>1.30€</span></div></div><div class="infos-produit-2"><a title="Voir le produit" href="http://www.refonte.auchandirect.fr/boissons/produits-salés-apéritifs/mini-blinis-cocktail-x-40/id1/445712/57922"><h2>AUCHAN</h2><h4>Mini blinis cocktail x 40</h4><h4></h4><p>
125 g
<br/>
9.63€/pièce
</p></a></div><div class="mini_picto_bas"><img alt="frais" src="http://www.refonte.auchandirect.fr/static/images/frais_small.jpg"/><img src="http://www.refonte.auchandirect.fr/static/images/DLC-garantie-6j_small.jpg"/></div></div></div></td><td><!-- PL : ici --><div class="bloc-produit produit-auchan"><div class="bloc-produit-content"><a title="Voir le produit" href="http://www.refonte.auchandirect.fr/boissons/produits-salés-apéritifs/sauce-mexicaine-mi-forte/id1/445712/2797"><img src="http://www.refonte.auchandirect.fr/static/images/products/line/2797.jpg" alt="" class="produit "/></a><div class="picto"><span class="invisible"></span></div><div class="boutons-produit"><a id="addProductToBasket_39" onclick="javascript:Tapestry.waitForPage(event);" title="Ajouter au panier" class="bt-produit-ajout-panier" href="http://www.refonte.auchandirect.fr/rayon.productgridorlist.productlist_1.thumbnailproduct_0.addproducttobasket/2797?t:ac=445712">Ajouter au panier</a><a id="addProductToShoppingList_48" onclick="javascript:Tapestry.waitForPage(event);" title="Ajouter à ma liste" class="bt-produit-ajout-liste" href="http://www.refonte.auchandirect.fr/rayon.productgridorlist.productlist_1.thumbnailproduct_0.addproducttoshoppinglist/2797?t:ac=445712">Ajouter à ma liste</a></div><div class="infos-produit-1"><div class="prix-actuel"><span>1.45€</span></div></div><div class="infos-produit-2"><a title="Voir le produit" href="http://www.refonte.auchandirect.fr/boissons/produits-salés-apéritifs/sauce-mexicaine-mi-forte/id1/445712/2797"><h2>AUCHAN</h2><h4>Sauce mexicaine mi-forte</h4><h4></h4><p>
315 g
<br/>
4.60€/kg
</p></a></div><div class="mini_picto_bas"><img src="http://www.refonte.auchandirect.fr/static/images/DLC-garantie-30j_small.jpg"/></div></div></div></td><td><!-- PL : ici --><div class="bloc-produit produit-auchan"><div class="bloc-produit-content"><a title="Voir le produit" href="http://www.refonte.auchandirect.fr/boissons/produits-salés-apéritifs/guacamole-sauce-à-l'avocat/id1/445712/26507"><img src="http://www.refonte.auchandirect.fr/static/images/products/line/26507.jpg" alt="" class="produit "/></a><div class="picto"><span class="invisible"></span></div><div class="boutons-produit"><a id="addProductToBasket_40" onclick="javascript:Tapestry.waitForPage(event);" title="Ajouter au panier" class="bt-produit-ajout-panier" href="http://www.refonte.auchandirect.fr/rayon.productgridorlist.productlist_1.thumbnailproduct_0.addproducttobasket/26507?t:ac=445712">Ajouter au panier</a><a id="addProductToShoppingList_49" onclick="javascript:Tapestry.waitForPage(event);" title="Ajouter à ma liste" class="bt-produit-ajout-liste" href="http://www.refonte.auchandirect.fr/rayon.productgridorlist.productlist_1.thumbnailproduct_0.addproducttoshoppinglist/26507?t:ac=445712">Ajouter à ma liste</a></div><div class="infos-produit-1"><div class="prix-actuel"><span>2.07€</span></div></div><div class="infos-produit-2"><a title="Voir le produit" href="http://www.refonte.auchandirect.fr/boissons/produits-salés-apéritifs/guacamole-sauce-à-l'avocat/id1/445712/26507"><h2>AUCHAN</h2><h4>Guacamole sauce à l'avocat</h4><h4>Invitation au voyage</h4><p>
300 g
<br/>
6.90€/kg
</p></a></div><div class="mini_picto_bas"><img src="http://www.refonte.auchandirect.fr/static/images/DLC-garantie-30j_small.jpg"/></div></div></div></td></tr><tr><td><!-- PL : ici --><div class="bloc-produit produit-auchan"><div class="bloc-produit-content"><a title="Voir le produit" href="http://www.refonte.auchandirect.fr/boissons/produits-salés-apéritifs/mini-toasts-aux-olives/id1/445712/61267"><img src="http://www.refonte.auchandirect.fr/static/images/products/line/61267.jpg" alt="" class="produit "/></a><div class="picto"><span class="invisible"></span></div><div class="boutons-produit"><a id="addProductToBasket_41" onclick="javascript:Tapestry.waitForPage(event);" title="Ajouter au panier" class="bt-produit-ajout-panier" href="http://www.refonte.auchandirect.fr/rayon.productgridorlist.productlist_1.thumbnailproduct_0.addproducttobasket/61267?t:ac=445712">Ajouter au panier</a><a id="addProductToShoppingList_50" onclick="javascript:Tapestry.waitForPage(event);" title="Ajouter à ma liste" class="bt-produit-ajout-liste" href="http://www.refonte.auchandirect.fr/rayon.productgridorlist.productlist_1.thumbnailproduct_0.addproducttoshoppinglist/61267?t:ac=445712">Ajouter à ma liste</a></div><div class="infos-produit-1"><div class="prix-actuel"><span>1.52€</span></div></div><div class="infos-produit-2"><a title="Voir le produit" href="http://www.refonte.auchandirect.fr/boissons/produits-salés-apéritifs/mini-toasts-aux-olives/id1/445712/61267"><h2>AUCHAN</h2><h4>Mini toasts aux olives</h4><h4></h4><p>
100 g
<br/>
15.20€/kg
</p></a></div><div class="mini_picto_bas"><img src="http://www.refonte.auchandirect.fr/static/images/DLC-garantie-30j_small.jpg"/></div></div></div></td><td><!-- PL : ici --><div class="bloc-produit produit-auchan"><div class="bloc-produit-content"><a title="Voir le produit" href="http://www.refonte.auchandirect.fr/boissons/produits-salés-apéritifs/mini-toasts-à-l'ail/id1/445712/61268"><img src="http://www.refonte.auchandirect.fr/static/images/products/line/61268.jpg" alt="" class="produit "/></a><div class="picto"><span class="invisible"></span></div><div class="boutons-produit"><a id="addProductToBasket_42" onclick="javascript:Tapestry.waitForPage(event);" title="Ajouter au panier" class="bt-produit-ajout-panier" href="http://www.refonte.auchandirect.fr/rayon.productgridorlist.productlist_1.thumbnailproduct_0.addproducttobasket/61268?t:ac=445712">Ajouter au panier</a><a id="addProductToShoppingList_51" onclick="javascript:Tapestry.waitForPage(event);" title="Ajouter à ma liste" class="bt-produit-ajout-liste" href="http://www.refonte.auchandirect.fr/rayon.productgridorlist.productlist_1.thumbnailproduct_0.addproducttoshoppinglist/61268?t:ac=445712">Ajouter à ma liste</a></div><div class="infos-produit-1"><div class="prix-actuel"><span>1.52€</span></div></div><div class="infos-produit-2"><a title="Voir le produit" href="http://www.refonte.auchandirect.fr/boissons/produits-salés-apéritifs/mini-toasts-à-l'ail/id1/445712/61268"><h2>AUCHAN</h2><h4>Mini toasts à l'ail</h4><h4></h4><p>
125 g
<br/>
12.16€/kg
</p></a></div><div class="mini_picto_bas"><img src="http://www.refonte.auchandirect.fr/static/images/DLC-garantie-30j_small.jpg"/></div></div></div></td><td><!-- PL : ici --><div class="bloc-produit produit-auchan"><div class="bloc-produit-content"><a title="Voir le produit" href="http://www.refonte.auchandirect.fr/boissons/produits-salés-apéritifs/olives-vertes-dénoyautées/id1/445712/59983"><img src="http://www.refonte.auchandirect.fr/static/images/products/line/59983.jpg" alt="" class="produit "/></a><div class="picto"><span class="invisible"></span></div><div class="boutons-produit"><a id="addProductToBasket_43" onclick="javascript:Tapestry.waitForPage(event);" title="Ajouter au panier" class="bt-produit-ajout-panier" href="http://www.refonte.auchandirect.fr/rayon.productgridorlist.productlist_1.thumbnailproduct_0.addproducttobasket/59983?t:ac=445712">Ajouter au panier</a><a id="addProductToShoppingList_52" onclick="javascript:Tapestry.waitForPage(event);" title="Ajouter à ma liste" class="bt-produit-ajout-liste" href="http://www.refonte.auchandirect.fr/rayon.productgridorlist.productlist_1.thumbnailproduct_0.addproducttoshoppinglist/59983?t:ac=445712">Ajouter à ma liste</a></div><div class="infos-produit-1"><div class="prix-actuel"><span>1.29€</span></div></div><div class="infos-produit-2"><a title="Voir le produit" href="http://www.refonte.auchandirect.fr/boissons/produits-salés-apéritifs/olives-vertes-dénoyautées/id1/445712/59983"><h2>AUCHAN</h2><h4>Olives vertes dénoyautées</h4><h4></h4><p>
370 ml
<br/>
3.49€/l
</p></a></div><div class="mini_picto_bas"><img src="http://www.refonte.auchandirect.fr/static/images/DLC-garantie-30j_small.jpg"/></div></div></div></td></tr><tr><td><!-- PL : ici --><div class="bloc-produit produit-auchan"><div class="bloc-produit-content"><a title="Voir le produit" href="http://www.refonte.auchandirect.fr/boissons/produits-salés-apéritifs/olives-noires-à-la-grecque/id1/445712/59984"><img src="http://www.refonte.auchandirect.fr/static/images/products/line/59984.jpg" alt="" class="produit "/></a><div class="picto"><span class="invisible"></span></div><div class="boutons-produit"><a id="addProductToBasket_44" onclick="javascript:Tapestry.waitForPage(event);" title="Ajouter au panier" class="bt-produit-ajout-panier" href="http://www.refonte.auchandirect.fr/rayon.productgridorlist.productlist_1.thumbnailproduct_0.addproducttobasket/59984?t:ac=445712">Ajouter au panier</a><a id="addProductToShoppingList_53" onclick="javascript:Tapestry.waitForPage(event);" title="Ajouter à ma liste" class="bt-produit-ajout-liste" href="http://www.refonte.auchandirect.fr/rayon.productgridorlist.productlist_1.thumbnailproduct_0.addproducttoshoppinglist/59984?t:ac=445712">Ajouter à ma liste</a></div><div class="infos-produit-1"><div class="prix-actuel"><span>1.44€</span></div></div><div class="infos-produit-2"><a title="Voir le produit" href="http://www.refonte.auchandirect.fr/boissons/produits-salés-apéritifs/olives-noires-à-la-grecque/id1/445712/59984"><h2>AUCHAN</h2><h4>Olives noires à la grecque</h4><h4>Entières</h4><p>
370 ml
<br/>
3.89€/l
</p></a></div><div class="mini_picto_bas"><img src="http://www.refonte.auchandirect.fr/static/images/DLC-garantie-30j_small.jpg"/></div></div></div></td><td><!-- PL : ici --><div class="bloc-produit produit-auchan"><div class="bloc-produit-content"><a title="Voir le produit" href="http://www.refonte.auchandirect.fr/bio-ecolo/epicerie-bio/mini-flûtes-fromage-bio/id1/458/78464"><img src="http://www.refonte.auchandirect.fr/static/images/products/line/78464.jpg" alt="" class="produit "/></a><div class="picto"><span class="invisible"></span></div><div class="boutons-produit"><a id="addProductToBasket_45" onclick="javascript:Tapestry.waitForPage(event);" title="Ajouter au panier" class="bt-produit-ajout-panier" href="http://www.refonte.auchandirect.fr/rayon.productgridorlist.productlist_1.thumbnailproduct_0.addproducttobasket/78464?t:ac=445712">Ajouter au panier</a><a id="addProductToShoppingList_54" onclick="javascript:Tapestry.waitForPage(event);" title="Ajouter à ma liste" class="bt-produit-ajout-liste" href="http://www.refonte.auchandirect.fr/rayon.productgridorlist.productlist_1.thumbnailproduct_0.addproducttoshoppinglist/78464?t:ac=445712">Ajouter à ma liste</a></div><div class="infos-produit-1"><div class="prix-actuel"><span>1.45€</span></div></div><div class="infos-produit-2"><a title="Voir le produit" href="http://www.refonte.auchandirect.fr/bio-ecolo/epicerie-bio/mini-flûtes-fromage-bio/id1/458/78464"><h2>AUCHAN BIO</h2><h4>Mini flûtes fromage bio</h4><h4></h4><p>
75 g
<br/>
19.33€/kg
</p></a></div><div class="mini_picto_bas"><img src="http://www.refonte.auchandirect.fr/static/images/AB_small.jpg"/></div></div></div></td><td><!-- PL : ici --><div class="bloc-produit promotion"><div class="bloc-produit-content"><a title="Voir le produit" href="../lv_assortiment-monaco-offre-eco,-340-g/id1/445712/LV0000000733.html"><img src="http://www.refonte.auchandirect.fr/static/images/products/line/LV0000000733.jpg" alt="" class="produit "/></a><div class="picto"><span class="invisible"></span></div><img src="http://www.refonte.auchandirect.fr/static/images/le-2eme-a-50pourcent_small.png" class="ruban"/><div class="boutons-produit"><a id="addProductToBasket_46" onclick="javascript:Tapestry.waitForPage(event);" title="Ajouter au panier" class="bt-produit-ajout-panier" href="http://www.refonte.auchandirect.fr/rayon.productgridorlist.productlist_1.thumbnailproduct_0.addproducttobasket/LV0000000733?t:ac=445712">Ajouter au panier</a><a id="addProductToShoppingList_55" onclick="javascript:Tapestry.waitForPage(event);" title="Ajouter à ma liste" class="bt-produit-ajout-liste" href="http://www.refonte.auchandirect.fr/rayon.productgridorlist.productlist_1.thumbnailproduct_0.addproducttoshoppinglist/LV0000000733?t:ac=445712">Ajouter à ma liste</a></div><div class="infos-produit-1"><div class="prix-old">7.22€</div><div class="prix-promo">5.42€</div></div><div class="infos-produit-2"><a title="Voir le produit" href="../lv_assortiment-monaco-offre-eco,-340-g/id1/445712/LV0000000733.html"><h2>BELIN</h2><h4></h4><h4>Assortiment Monaco OFFRE ECO, 340 g</h4><p>

<br/>
7.97€/kg
</p></a></div><div class="mini_picto_bas"></div></div></div></td></tr><tr><td><!-- PL : ici --><div class="bloc-produit  bientot-dispo"><div class="bloc-produit-content"><a title="Voir le produit" href="http://www.refonte.auchandirect.fr/boissons/produits-salés-apéritifs/assortiment-de-biscuits-salés/id1/445712/19931"><img src="http://www.refonte.auchandirect.fr/static/images/products/line/19931.jpg" alt="" class="produit "/></a><div class="picto"><span class="invisible"></span></div><div class="boutons-produit"><a class="bt-produit-ajout-panier disable" title="Bientôt disponible" href="javascript:void(0)">Bientôt disponible</a><a id="addProductToShoppingList_56" onclick="javascript:Tapestry.waitForPage(event);" title="Ajouter à ma liste" class="bt-produit-ajout-liste" href="http://www.refonte.auchandirect.fr/rayon.productgridorlist.productlist_1.thumbnailproduct_0.addproducttoshoppinglist/19931?t:ac=445712">Ajouter à ma liste</a></div><div class="infos-produit-1"><div class="prix-actuel"><span>3.74€</span></div></div><div class="infos-produit-2"><a title="Voir le produit" href="http://www.refonte.auchandirect.fr/boissons/produits-salés-apéritifs/assortiment-de-biscuits-salés/id1/445712/19931"><h2>BELIN</h2><h4>Assortiment de biscuits salés</h4><h4>Réception</h4><p>
380 g
<br/>
9.84€/kg
</p></a></div><div class="mini_picto_bas"><img src="http://www.refonte.auchandirect.fr/static/images/DLC-garantie-30j_small.jpg"/></div></div></div></td><td><!-- PL : ici --><div class="bloc-produit "><div class="bloc-produit-content"><a title="Voir le produit" href="http://www.refonte.auchandirect.fr/boissons/produits-salés-apéritifs/crackers-fromage-emmental/id1/445712/55783"><img src="http://www.refonte.auchandirect.fr/static/images/products/line/55783.jpg" alt="" class="produit "/></a><div class="picto"><span class="invisible"></span></div><div class="boutons-produit"><a id="addProductToBasket_47" onclick="javascript:Tapestry.waitForPage(event);" title="Ajouter au panier" class="bt-produit-ajout-panier" href="http://www.refonte.auchandirect.fr/rayon.productgridorlist.productlist_1.thumbnailproduct_0.addproducttobasket/55783?t:ac=445712">Ajouter au panier</a><a id="addProductToShoppingList_57" onclick="javascript:Tapestry.waitForPage(event);" title="Ajouter à ma liste" class="bt-produit-ajout-liste" href="http://www.refonte.auchandirect.fr/rayon.productgridorlist.productlist_1.thumbnailproduct_0.addproducttoshoppinglist/55783?t:ac=445712">Ajouter à ma liste</a></div><div class="infos-produit-1"><div class="prix-actuel"><span>2.45€</span></div></div><div class="infos-produit-2"><a title="Voir le produit" href="http://www.refonte.auchandirect.fr/boissons/produits-salés-apéritifs/crackers-fromage-emmental/id1/445712/55783"><h2>BELIN</h2><h4>Crackers fromage emmental</h4><h4>Monaco</h4><p>
205 g
<br/>
11.95€/kg
</p></a></div><div class="mini_picto_bas"></div></div></div></td><td><!-- PL : ici --><div class="bloc-produit "><div class="bloc-produit-content"><a title="Voir le produit" href="http://www.refonte.auchandirect.fr/boissons/produits-salés-apéritifs/assortiment-de-biscuits-apéritifs/id1/445712/61162"><img src="http://www.refonte.auchandirect.fr/static/images/products/line/61162.jpg" alt="" class="produit "/></a><div class="picto"><span class="invisible"></span></div><div class="boutons-produit"><a id="addProductToBasket_48" onclick="javascript:Tapestry.waitForPage(event);" title="Ajouter au panier" class="bt-produit-ajout-panier" href="http://www.refonte.auchandirect.fr/rayon.productgridorlist.productlist_1.thumbnailproduct_0.addproducttobasket/61162?t:ac=445712">Ajouter au panier</a><a id="addProductToShoppingList_58" onclick="javascript:Tapestry.waitForPage(event);" title="Ajouter à ma liste" class="bt-produit-ajout-liste" href="http://www.refonte.auchandirect.fr/rayon.productgridorlist.productlist_1.thumbnailproduct_0.addproducttoshoppinglist/61162?t:ac=445712">Ajouter à ma liste</a></div><div class="infos-produit-1"><div class="prix-actuel"><span>4.11€</span></div></div><div class="infos-produit-2"><a title="Voir le produit" href="http://www.refonte.auchandirect.fr/boissons/produits-salés-apéritifs/assortiment-de-biscuits-apéritifs/id1/445712/61162"><h2>BELIN</h2><h4>Assortiment de biscuits apéritifs</h4><h4>L'Apéritif Monaco</h4><p>
340 g
<br/>
12.09€/kg
</p></a></div><div class="mini_picto_bas"><img src="http://www.refonte.auchandirect.fr/static/images/DLC-garantie-30j_small.jpg"/></div></div></div></td></tr><tr><td><!-- PL : ici --><div class="bloc-produit "><div class="bloc-produit-content"><a title="Voir le produit" href="http://www.refonte.auchandirect.fr/boissons/produits-salés-apéritifs/assortiments-de-crackers/id1/445712/55784"><img src="http://www.refonte.auchandirect.fr/static/images/products/line/55784.jpg" alt="" class="produit "/></a><div class="picto"><span class="invisible"></span></div><div class="boutons-produit"><a id="addProductToBasket_49" onclick="javascript:Tapestry.waitForPage(event);" title="Ajouter au panier" class="bt-produit-ajout-panier" href="http://www.refonte.auchandirect.fr/rayon.productgridorlist.productlist_1.thumbnailproduct_0.addproducttobasket/55784?t:ac=445712">Ajouter au panier</a><a id="addProductToShoppingList_59" onclick="javascript:Tapestry.waitForPage(event);" title="Ajouter à ma liste" class="bt-produit-ajout-liste" href="http://www.refonte.auchandirect.fr/rayon.productgridorlist.productlist_1.thumbnailproduct_0.addproducttoshoppinglist/55784?t:ac=445712">Ajouter à ma liste</a></div><div class="infos-produit-1"><div class="prix-actuel"><span>2.57€</span></div></div><div class="infos-produit-2"><a title="Voir le produit" href="http://www.refonte.auchandirect.fr/boissons/produits-salés-apéritifs/assortiments-de-crackers/id1/445712/55784"><h2>BELIN</h2><h4>Assortiments de crackers</h4><h4>Best of</h4><p>
205 g
<br/>
12.54€/kg
</p></a></div><div class="mini_picto_bas"><img src="http://www.refonte.auchandirect.fr/static/images/DLC-garantie-30j_small.jpg"/></div></div></div></td><td><!-- PL : ici --><div class="bloc-produit  bientot-dispo"><div class="bloc-produit-content"><a title="Voir le produit" href="http://www.refonte.auchandirect.fr/boissons/produits-salés-apéritifs/assortiment-de-crackers-et-biscuits-salés/id1/445712/100065"><img src="http://www.refonte.auchandirect.fr/static/images/products/line/100065.jpg" alt="" class="produit "/></a><div class="picto"><span class="invisible"></span></div><div class="boutons-produit"><a class="bt-produit-ajout-panier disable" title="Bientôt disponible" href="javascript:void(0)">Bientôt disponible</a><a id="addProductToShoppingList_60" onclick="javascript:Tapestry.waitForPage(event);" title="Ajouter à ma liste" class="bt-produit-ajout-liste" href="http://www.refonte.auchandirect.fr/rayon.productgridorlist.productlist_1.thumbnailproduct_0.addproducttoshoppinglist/100065?t:ac=445712">Ajouter à ma liste</a></div><div class="infos-produit-1"><div class="prix-actuel"><span>0.75€</span></div></div><div class="infos-produit-2"><a title="Voir le produit" href="http://www.refonte.auchandirect.fr/boissons/produits-salés-apéritifs/assortiment-de-crackers-et-biscuits-salés/id1/445712/100065"><h2>BELIN</h2><h4>Assortiment de crackers et biscuits salés</h4><h4>Snacky</h4><p>
100 g
<br/>
7.50€/kg
</p></a></div><div class="mini_picto_bas"><img src="http://www.refonte.auchandirect.fr/static/images/DLC-garantie-30j_small.jpg"/></div></div></div></td><td><!-- PL : ici --><div class="bloc-produit "><div class="bloc-produit-content"><a title="Voir le produit" href="http://www.refonte.auchandirect.fr/boissons/produits-salés-apéritifs/assortiment-de-biscuits-salés/id1/445712/59248"><img src="http://www.refonte.auchandirect.fr/static/images/products/line/59248.jpg" alt="" class="produit "/></a><div class="picto"><span class="invisible"></span></div><div class="boutons-produit"><a id="addProductToBasket_50" onclick="javascript:Tapestry.waitForPage(event);" title="Ajouter au panier" class="bt-produit-ajout-panier" href="http://www.refonte.auchandirect.fr/rayon.productgridorlist.productlist_1.thumbnailproduct_0.addproducttobasket/59248?t:ac=445712">Ajouter au panier</a><a id="addProductToShoppingList_61" onclick="javascript:Tapestry.waitForPage(event);" title="Ajouter à ma liste" class="bt-produit-ajout-liste" href="http://www.refonte.auchandirect.fr/rayon.productgridorlist.productlist_1.thumbnailproduct_0.addproducttoshoppinglist/59248?t:ac=445712">Ajouter à ma liste</a></div><div class="infos-produit-1"><div class="prix-actuel"><span>3.03€</span></div></div><div class="infos-produit-2"><a title="Voir le produit" href="http://www.refonte.auchandirect.fr/boissons/produits-salés-apéritifs/assortiment-de-biscuits-salés/id1/445712/59248"><h2>BELIN</h2><h4>Assortiment de biscuits salés</h4><h4>Réception</h4><p>
380 g
<br/>
7.97€/kg
</p></a></div><div class="mini_picto_bas"></div></div></div></td></tr><tr><td><!-- PL : ici --><div class="bloc-produit promotion"><div class="bloc-produit-content"><a title="Voir le produit" href="../assortiment-biscuits-ap%25C3%25A9ritif/id1/445712/59246.html"><img src="http://www.refonte.auchandirect.fr/static/images/products/line/59246.jpg" alt="" class="produit "/></a><div class="picto"><span class="invisible"></span></div><img src="http://www.refonte.auchandirect.fr/static/images/promo_small.png" class="ruban"/><div class="boutons-produit"><a id="addProductToBasket_51" onclick="javascript:Tapestry.waitForPage(event);" title="Ajouter au panier" class="bt-produit-ajout-panier" href="http://www.refonte.auchandirect.fr/rayon.productgridorlist.productlist_1.thumbnailproduct_0.addproducttobasket/59246?t:ac=445712">Ajouter au panier</a><a id="addProductToShoppingList_62" onclick="javascript:Tapestry.waitForPage(event);" title="Ajouter à ma liste" class="bt-produit-ajout-liste" href="http://www.refonte.auchandirect.fr/rayon.productgridorlist.productlist_1.thumbnailproduct_0.addproducttoshoppinglist/59246?t:ac=445712">Ajouter à ma liste</a></div><div class="infos-produit-1"><div class="prix-actuel"><span>3.61€</span></div></div><div class="infos-produit-2"><a title="Voir le produit" href="../assortiment-biscuits-ap%25C3%25A9ritif/id1/445712/59246.html"><h2>BELIN</h2><h4>Assortiment biscuits apéritif</h4><h4>Monaco</h4><p>
340 g
<br/>
10.62€/kg
</p></a></div><div class="mini_picto_bas"></div></div></div></td><td><!-- PL : ici --><div class="bloc-produit  bientot-dispo"><div class="bloc-produit-content"><a title="Voir le produit" href="http://www.refonte.auchandirect.fr/boissons/produits-salés-apéritifs/crackers-fromage-de-chèvre/id1/445712/30886"><img src="http://www.refonte.auchandirect.fr/static/images/products/line/30886.jpg" alt="" class="produit "/></a><div class="picto"><span class="invisible"></span></div><div class="boutons-produit"><a class="bt-produit-ajout-panier disable" title="Bientôt disponible" href="javascript:void(0)">Bientôt disponible</a><a id="addProductToShoppingList_63" onclick="javascript:Tapestry.waitForPage(event);" title="Ajouter à ma liste" class="bt-produit-ajout-liste" href="http://www.refonte.auchandirect.fr/rayon.productgridorlist.productlist_1.thumbnailproduct_0.addproducttoshoppinglist/30886?t:ac=445712">Ajouter à ma liste</a></div><div class="infos-produit-1"><div class="prix-actuel"><span>1.24€</span></div></div><div class="infos-produit-2"><a title="Voir le produit" href="http://www.refonte.auchandirect.fr/boissons/produits-salés-apéritifs/crackers-fromage-de-chèvre/id1/445712/30886"><h2>BELIN</h2><h4>Crackers fromage de chèvre</h4><h4>Monaco</h4><p>
100 g
<br/>
12.40€/kg
</p></a></div><div class="mini_picto_bas"><img src="http://www.refonte.auchandirect.fr/static/images/DLC-garantie-30j_small.jpg"/></div></div></div></td><td><!-- PL : ici --><div class="bloc-produit "><div class="bloc-produit-content"><a title="Voir le produit" href="http://www.refonte.auchandirect.fr/boissons/produits-salés-apéritifs/assortiments-de-crackers/id1/445712/44777"><img src="http://www.refonte.auchandirect.fr/static/images/products/line/44777.jpg" alt="" class="produit "/></a><div class="picto"><span class="invisible"></span></div><div class="boutons-produit"><a id="addProductToBasket_52" onclick="javascript:Tapestry.waitForPage(event);" title="Ajouter au panier" class="bt-produit-ajout-panier" href="http://www.refonte.auchandirect.fr/rayon.productgridorlist.productlist_1.thumbnailproduct_0.addproducttobasket/44777?t:ac=445712">Ajouter au panier</a><a id="addProductToShoppingList_64" onclick="javascript:Tapestry.waitForPage(event);" title="Ajouter à ma liste" class="bt-produit-ajout-liste" href="http://www.refonte.auchandirect.fr/rayon.productgridorlist.productlist_1.thumbnailproduct_0.addproducttoshoppinglist/44777?t:ac=445712">Ajouter à ma liste</a></div><div class="infos-produit-1"><div class="prix-actuel"><span>1.09€</span></div></div><div class="infos-produit-2"><a title="Voir le produit" href="http://www.refonte.auchandirect.fr/boissons/produits-salés-apéritifs/assortiments-de-crackers/id1/445712/44777"><h2>BELIN</h2><h4>Assortiments de crackers</h4><h4>Best of</h4><p>
90 g
<br/>
12.11€/kg
</p></a></div><div class="mini_picto_bas"><img src="http://www.refonte.auchandirect.fr/static/images/DLC-garantie-30j_small.jpg"/></div></div></div></td></tr><tr><td><!-- PL : ici --><div class="bloc-produit "><div class="bloc-produit-content"><a title="Voir le produit" href="http://www.refonte.auchandirect.fr/boissons/produits-salés-apéritifs/crakers-fromage-emmental/id1/445712/61582"><img src="http://www.refonte.auchandirect.fr/static/images/products/line/61582.jpg" alt="" class="produit "/></a><div class="picto"><span class="invisible"></span></div><div class="boutons-produit"><a id="addProductToBasket_53" onclick="javascript:Tapestry.waitForPage(event);" title="Ajouter au panier" class="bt-produit-ajout-panier" href="http://www.refonte.auchandirect.fr/rayon.productgridorlist.productlist_1.thumbnailproduct_0.addproducttobasket/61582?t:ac=445712">Ajouter au panier</a><a id="addProductToShoppingList_65" onclick="javascript:Tapestry.waitForPage(event);" title="Ajouter à ma liste" class="bt-produit-ajout-liste" href="http://www.refonte.auchandirect.fr/rayon.productgridorlist.productlist_1.thumbnailproduct_0.addproducttoshoppinglist/61582?t:ac=445712">Ajouter à ma liste</a></div><div class="infos-produit-1"><div class="prix-actuel"><span>0.70€</span></div></div><div class="infos-produit-2"><a title="Voir le produit" href="http://www.refonte.auchandirect.fr/boissons/produits-salés-apéritifs/crakers-fromage-emmental/id1/445712/61582"><h2>BELIN</h2><h4>Crakers fromage emmental</h4><h4>Monaco</h4><p>
55 g
<br/>
12.73€/kg
</p></a></div><div class="mini_picto_bas"><img src="http://www.refonte.auchandirect.fr/static/images/DLC-garantie-30j_small.jpg"/></div></div></div></td><td><!-- PL : ici --><div class="bloc-produit  bientot-dispo"><div class="bloc-produit-content"><a title="Voir le produit" href="http://www.refonte.auchandirect.fr/boissons/produits-salés-apéritifs/biscuits-salés-pizza/id1/445712/100182"><img src="http://www.refonte.auchandirect.fr/static/images/products/line/100182.jpg" alt="" class="produit "/></a><div class="picto"><span class="invisible"></span></div><div class="boutons-produit"><a class="bt-produit-ajout-panier disable" title="Bientôt disponible" href="javascript:void(0)">Bientôt disponible</a><a id="addProductToShoppingList_66" onclick="javascript:Tapestry.waitForPage(event);" title="Ajouter à ma liste" class="bt-produit-ajout-liste" href="http://www.refonte.auchandirect.fr/rayon.productgridorlist.productlist_1.thumbnailproduct_0.addproducttoshoppinglist/100182?t:ac=445712">Ajouter à ma liste</a></div><div class="infos-produit-1"><div class="prix-actuel"><span>1.23€</span></div></div><div class="infos-produit-2"><a title="Voir le produit" href="http://www.refonte.auchandirect.fr/boissons/produits-salés-apéritifs/biscuits-salés-pizza/id1/445712/100182"><h2>BELIN</h2><h4>Biscuits salés pizza</h4><h4>Minizza</h4><p>
85 g
<br/>
14.47€/kg
</p></a></div><div class="mini_picto_bas"><img src="http://www.refonte.auchandirect.fr/static/images/DLC-garantie-30j_small.jpg"/></div></div></div></td><td><!-- PL : ici --><div class="bloc-produit  bientot-dispo"><div class="bloc-produit-content"><a title="Voir le produit" href="http://www.refonte.auchandirect.fr/boissons/produits-salés-apéritifs/allumette-de-pâte-feuilletée-et-fromage/id1/445712/100274"><img src="http://www.refonte.auchandirect.fr/static/images/products/line/100274.jpg" alt="" class="produit "/></a><div class="picto"><span class="invisible"></span></div><div class="boutons-produit"><a class="bt-produit-ajout-panier disable" title="Bientôt disponible" href="javascript:void(0)">Bientôt disponible</a><a id="addProductToShoppingList_67" onclick="javascript:Tapestry.waitForPage(event);" title="Ajouter à ma liste" class="bt-produit-ajout-liste" href="http://www.refonte.auchandirect.fr/rayon.productgridorlist.productlist_1.thumbnailproduct_0.addproducttoshoppinglist/100274?t:ac=445712">Ajouter à ma liste</a></div><div class="infos-produit-1"><div class="prix-actuel"><span>1.14€</span></div></div><div class="infos-produit-2"><a title="Voir le produit" href="http://www.refonte.auchandirect.fr/boissons/produits-salés-apéritifs/allumette-de-pâte-feuilletée-et-fromage/id1/445712/100274"><h2>BELIN</h2><h4>Allumette de pâte feuilletée et fromage</h4><h4>Feuilleté</h4><p>
85 g
<br/>
13.41€/kg
</p></a></div><div class="mini_picto_bas"><img src="http://www.refonte.auchandirect.fr/static/images/DLC-garantie-30j_small.jpg"/></div></div></div></td></tr><tr><td><!-- PL : ici --><div class="bloc-produit  bientot-dispo"><div class="bloc-produit-content"><a title="Voir le produit" href="http://www.refonte.auchandirect.fr/boissons/produits-salés-apéritifs/assortiment-de-crackers-et-biscuits-salés/id1/445712/100337"><img src="http://www.refonte.auchandirect.fr/static/images/products/line/100337.jpg" alt="" class="produit "/></a><div class="picto"><span class="invisible"></span></div><div class="boutons-produit"><a class="bt-produit-ajout-panier disable" title="Bientôt disponible" href="javascript:void(0)">Bientôt disponible</a><a id="addProductToShoppingList_68" onclick="javascript:Tapestry.waitForPage(event);" title="Ajouter à ma liste" class="bt-produit-ajout-liste" href="http://www.refonte.auchandirect.fr/rayon.productgridorlist.productlist_1.thumbnailproduct_0.addproducttoshoppinglist/100337?t:ac=445712">Ajouter à ma liste</a></div><div class="infos-produit-1"><div class="prix-actuel"><span>0.59€</span></div></div><div class="infos-produit-2"><a title="Voir le produit" href="http://www.refonte.auchandirect.fr/boissons/produits-salés-apéritifs/assortiment-de-crackers-et-biscuits-salés/id1/445712/100337"><h2>BELIN</h2><h4>Assortiment de crackers et biscuits salés</h4><h4>Best of Télé</h4><p>
50 g
<br/>
11.80€/kg
</p></a></div><div class="mini_picto_bas"><img src="http://www.refonte.auchandirect.fr/static/images/DLC-garantie-30j_small.jpg"/></div></div></div></td><td><!-- PL : ici --><div class="bloc-produit "><div class="bloc-produit-content"><a title="Voir le produit" href="http://www.refonte.auchandirect.fr/boissons/produits-salés-apéritifs/crackers-graines-de-sésame/id1/445712/100413"><img src="http://www.refonte.auchandirect.fr/static/images/products/line/100413.jpg" alt="" class="produit "/></a><div class="picto"><span class="invisible"></span></div><div class="boutons-produit"><a id="addProductToBasket_54" onclick="javascript:Tapestry.waitForPage(event);" title="Ajouter au panier" class="bt-produit-ajout-panier" href="http://www.refonte.auchandirect.fr/rayon.productgridorlist.productlist_1.thumbnailproduct_0.addproducttobasket/100413?t:ac=445712">Ajouter au panier</a><a id="addProductToShoppingList_69" onclick="javascript:Tapestry.waitForPage(event);" title="Ajouter à ma liste" class="bt-produit-ajout-liste" href="http://www.refonte.auchandirect.fr/rayon.productgridorlist.productlist_1.thumbnailproduct_0.addproducttoshoppinglist/100413?t:ac=445712">Ajouter à ma liste</a></div><div class="infos-produit-1"><div class="prix-actuel"><span>0.88€</span></div></div><div class="infos-produit-2"><a title="Voir le produit" href="http://www.refonte.auchandirect.fr/boissons/produits-salés-apéritifs/crackers-graines-de-sésame/id1/445712/100413"><h2>BELIN</h2><h4>Crackers graines de sésame</h4><h4>Triangolini</h4><p>
100 g
<br/>
8.80€/kg
</p></a></div><div class="mini_picto_bas"><img src="http://www.refonte.auchandirect.fr/static/images/DLC-garantie-30j_small.jpg"/></div></div></div></td><td><!-- PL : ici --><div class="bloc-produit "><div class="bloc-produit-content"><a title="Voir le produit" href="http://www.refonte.auchandirect.fr/boissons/produits-salés-apéritifs/pétales-soufflés-salés/id1/445712/2470"><img src="http://www.refonte.auchandirect.fr/static/images/products/line/2470.jpg" alt="" class="produit "/></a><div class="picto"><span class="invisible"></span></div><div class="boutons-produit"><a id="addProductToBasket_55" onclick="javascript:Tapestry.waitForPage(event);" title="Ajouter au panier" class="bt-produit-ajout-panier" href="http://www.refonte.auchandirect.fr/rayon.productgridorlist.productlist_1.thumbnailproduct_0.addproducttobasket/2470?t:ac=445712">Ajouter au panier</a><a id="addProductToShoppingList_70" onclick="javascript:Tapestry.waitForPage(event);" title="Ajouter à ma liste" class="bt-produit-ajout-liste" href="http://www.refonte.auchandirect.fr/rayon.productgridorlist.productlist_1.thumbnailproduct_0.addproducttoshoppinglist/2470?t:ac=445712">Ajouter à ma liste</a></div><div class="infos-produit-1"><div class="prix-actuel"><span>1.10€</span></div></div><div class="infos-produit-2"><a title="Voir le produit" href="http://www.refonte.auchandirect.fr/boissons/produits-salés-apéritifs/pétales-soufflés-salés/id1/445712/2470"><h2>BELIN</h2><h4>Pétales soufflés salés</h4><h4>Chipster</h4><p>
75 g
<br/>
14.67€/kg
</p></a></div><div class="mini_picto_bas"><img src="http://www.refonte.auchandirect.fr/static/images/DLC-garantie-30j_small.jpg"/></div></div></div></td></tr><tr><td><!-- PL : ici --><div class="bloc-produit  bientot-dispo"><div class="bloc-produit-content"><a title="Voir le produit" href="http://www.refonte.auchandirect.fr/boissons/produits-salés-apéritifs/biscuits-soufflés-cacahuète/id1/445712/10597"><img src="http://www.refonte.auchandirect.fr/static/images/products/line/10597.jpg" alt="" class="produit "/></a><div class="picto"><span class="invisible"></span></div><div class="boutons-produit"><a class="bt-produit-ajout-panier disable" title="Bientôt disponible" href="javascript:void(0)">Bientôt disponible</a><a id="addProductToShoppingList_71" onclick="javascript:Tapestry.waitForPage(event);" title="Ajouter à ma liste" class="bt-produit-ajout-liste" href="http://www.refonte.auchandirect.fr/rayon.productgridorlist.productlist_1.thumbnailproduct_0.addproducttoshoppinglist/10597?t:ac=445712">Ajouter à ma liste</a></div><div class="infos-produit-1"><div class="prix-actuel"><span>1.12€</span></div></div><div class="infos-produit-2"><a title="Voir le produit" href="http://www.refonte.auchandirect.fr/boissons/produits-salés-apéritifs/biscuits-soufflés-cacahuète/id1/445712/10597"><h2>BELIN</h2><h4>Biscuits soufflés cacahuète</h4><h4>Croustilles</h4><p>
90 g
<br/>
12.44€/kg
</p></a></div><div class="mini_picto_bas"><img src="http://www.refonte.auchandirect.fr/static/images/DLC-garantie-30j_small.jpg"/></div></div></div></td><td><!-- PL : ici --><div class="bloc-produit "><div class="bloc-produit-content"><a title="Voir le produit" href="http://www.refonte.auchandirect.fr/boissons/produits-salés-apéritifs/biscuits-soufflés-fromage/id1/445712/10598"><img src="http://www.refonte.auchandirect.fr/static/images/products/line/10598.jpg" alt="" class="produit "/></a><div class="picto"><span class="invisible"></span></div><div class="boutons-produit"><a id="addProductToBasket_56" onclick="javascript:Tapestry.waitForPage(event);" title="Ajouter au panier" class="bt-produit-ajout-panier" href="http://www.refonte.auchandirect.fr/rayon.productgridorlist.productlist_1.thumbnailproduct_0.addproducttobasket/10598?t:ac=445712">Ajouter au panier</a><a id="addProductToShoppingList_72" onclick="javascript:Tapestry.waitForPage(event);" title="Ajouter à ma liste" class="bt-produit-ajout-liste" href="http://www.refonte.auchandirect.fr/rayon.productgridorlist.productlist_1.thumbnailproduct_0.addproducttoshoppinglist/10598?t:ac=445712">Ajouter à ma liste</a></div><div class="infos-produit-1"><div class="prix-actuel"><span>1.06€</span></div></div><div class="infos-produit-2"><a title="Voir le produit" href="http://www.refonte.auchandirect.fr/boissons/produits-salés-apéritifs/biscuits-soufflés-fromage/id1/445712/10598"><h2>BELIN</h2><h4>Biscuits soufflés fromage</h4><h4>Croustilles</h4><p>
90 g
<br/>
11.78€/kg
</p></a></div><div class="mini_picto_bas"><img src="http://www.refonte.auchandirect.fr/static/images/DLC-garantie-30j_small.jpg"/></div></div></div></td><td><!-- PL : ici --><div class="bloc-produit "><div class="bloc-produit-content"><a title="Voir le produit" href="http://www.refonte.auchandirect.fr/boissons/produits-salés-apéritifs/cacahuètes-grillées-et-salées/id1/445712/55203"><img src="http://www.refonte.auchandirect.fr/static/images/products/line/55203.jpg" alt="" class="produit "/></a><div class="picto"><span class="invisible"></span></div><div class="boutons-produit"><a id="addProductToBasket_57" onclick="javascript:Tapestry.waitForPage(event);" title="Ajouter au panier" class="bt-produit-ajout-panier" href="http://www.refonte.auchandirect.fr/rayon.productgridorlist.productlist_1.thumbnailproduct_0.addproducttobasket/55203?t:ac=445712">Ajouter au panier</a><a id="addProductToShoppingList_73" onclick="javascript:Tapestry.waitForPage(event);" title="Ajouter à ma liste" class="bt-produit-ajout-liste" href="http://www.refonte.auchandirect.fr/rayon.productgridorlist.productlist_1.thumbnailproduct_0.addproducttoshoppinglist/55203?t:ac=445712">Ajouter à ma liste</a></div><div class="infos-produit-1"><div class="prix-actuel"><span>1.58€</span></div></div><div class="infos-produit-2"><a title="Voir le produit" href="http://www.refonte.auchandirect.fr/boissons/produits-salés-apéritifs/cacahuètes-grillées-et-salées/id1/445712/55203"><h2>BENENUTS</h2><h4>Cacahuètes grillées et salées</h4><h4></h4><p>
200 g
<br/>
7.90€/kg
</p></a></div><div class="mini_picto_bas"><img src="http://www.refonte.auchandirect.fr/static/images/DLC-garantie-30j_small.jpg"/></div></div></div></td></tr><tr><td><!-- PL : ici --><div class="bloc-produit "><div class="bloc-produit-content"><a title="Voir le produit" href="http://www.refonte.auchandirect.fr/boissons/produits-salés-apéritifs/cacahuètes-grillées-à-sec/id1/445712/55276"><img src="http://www.refonte.auchandirect.fr/static/images/products/line/55276.jpg" alt="" class="produit "/></a><div class="picto"><span class="invisible"></span></div><div class="boutons-produit"><a id="addProductToBasket_58" onclick="javascript:Tapestry.waitForPage(event);" title="Ajouter au panier" class="bt-produit-ajout-panier" href="http://www.refonte.auchandirect.fr/rayon.productgridorlist.productlist_1.thumbnailproduct_0.addproducttobasket/55276?t:ac=445712">Ajouter au panier</a><a id="addProductToShoppingList_74" onclick="javascript:Tapestry.waitForPage(event);" title="Ajouter à ma liste" class="bt-produit-ajout-liste" href="http://www.refonte.auchandirect.fr/rayon.productgridorlist.productlist_1.thumbnailproduct_0.addproducttoshoppinglist/55276?t:ac=445712">Ajouter à ma liste</a></div><div class="infos-produit-1"><div class="prix-actuel"><span>1.31€</span></div></div><div class="infos-produit-2"><a title="Voir le produit" href="http://www.refonte.auchandirect.fr/boissons/produits-salés-apéritifs/cacahuètes-grillées-à-sec/id1/445712/55276"><h2>BENENUTS</h2><h4>Cacahuètes grillées à sec</h4><h4></h4><p>
120 g
<br/>
10.92€/kg
</p></a></div><div class="mini_picto_bas"><img src="http://www.refonte.auchandirect.fr/static/images/DLC-garantie-30j_small.jpg"/></div></div></div></td><td><!-- PL : ici --><div class="bloc-produit "><div class="bloc-produit-content"><a title="Voir le produit" href="http://www.refonte.auchandirect.fr/boissons/produits-salés-apéritifs/cacahuètes-enrobées-d'un-biscuit-croustillant-au-barbecue/id1/445712/98044"><img src="http://www.refonte.auchandirect.fr/static/images/products/line/98044.jpg" alt="" class="produit "/></a><div class="picto"><span class="invisible"></span></div><div class="boutons-produit"><a id="addProductToBasket_59" onclick="javascript:Tapestry.waitForPage(event);" title="Ajouter au panier" class="bt-produit-ajout-panier" href="http://www.refonte.auchandirect.fr/rayon.productgridorlist.productlist_1.thumbnailproduct_0.addproducttobasket/98044?t:ac=445712">Ajouter au panier</a><a id="addProductToShoppingList_75" onclick="javascript:Tapestry.waitForPage(event);" title="Ajouter à ma liste" class="bt-produit-ajout-liste" href="http://www.refonte.auchandirect.fr/rayon.productgridorlist.productlist_1.thumbnailproduct_0.addproducttoshoppinglist/98044?t:ac=445712">Ajouter à ma liste</a></div><div class="infos-produit-1"><div class="prix-actuel"><span>1.11€</span></div></div><div class="infos-produit-2"><a title="Voir le produit" href="http://www.refonte.auchandirect.fr/boissons/produits-salés-apéritifs/cacahuètes-enrobées-d'un-biscuit-croustillant-au-barbecue/id1/445712/98044"><h2>BENENUTS</h2><h4>Cacahuètes enrobées d'un biscuit croustillant au barbecue</h4><h4>Twinuts</h4><p>
150 g
<br/>
7.40€/kg
</p></a></div><div class="mini_picto_bas"></div></div></div></td><td><!-- PL : ici --><div class="bloc-produit promotion bientot-dispo"><div class="bloc-produit-content"><a title="Voir le produit" href="http://www.refonte.auchandirect.fr/boissons/produits-salés-apéritifs/twinuts-sel/id1/445712/104272"><img src="http://www.refonte.auchandirect.fr/static/images/products/line/104272.jpg" alt="" class="produit "/></a><div class="picto"><span class="invisible"></span></div><img src="http://www.refonte.auchandirect.fr/static/images/promo_small.png" class="ruban"/><div class="boutons-produit"><a class="bt-produit-ajout-panier disable" title="Bientôt disponible" href="javascript:void(0)">Bientôt disponible</a><a id="addProductToShoppingList_76" onclick="javascript:Tapestry.waitForPage(event);" title="Ajouter à ma liste" class="bt-produit-ajout-liste" href="http://www.refonte.auchandirect.fr/rayon.productgridorlist.productlist_1.thumbnailproduct_0.addproducttoshoppinglist/104272?t:ac=445712">Ajouter à ma liste</a></div><div class="infos-produit-1"><div class="prix-actuel"><span>1.99€</span></div></div><div class="infos-produit-2"><a title="Voir le produit" href="http://www.refonte.auchandirect.fr/boissons/produits-salés-apéritifs/twinuts-sel/id1/445712/104272"><h2>BENENUTS</h2><h4>TWINUTS Sel</h4><h4></h4><p>
2x150 g + 10% gratuit
<br/>
6.63€/kg
</p></a></div><div class="mini_picto_bas"></div></div></div></td></tr><tr><td><!-- PL : ici --><div class="bloc-produit "><div class="bloc-produit-content"><a title="Voir le produit" href="http://www.refonte.auchandirect.fr/boissons/produits-salés-apéritifs/amandes-salées/id1/445712/60757"><img src="http://www.refonte.auchandirect.fr/static/images/products/line/60757.jpg" alt="" class="produit "/></a><div class="picto"><span class="invisible"></span></div><div class="boutons-produit"><a id="addProductToBasket_60" onclick="javascript:Tapestry.waitForPage(event);" title="Ajouter au panier" class="bt-produit-ajout-panier" href="http://www.refonte.auchandirect.fr/rayon.productgridorlist.productlist_1.thumbnailproduct_0.addproducttobasket/60757?t:ac=445712">Ajouter au panier</a><a id="addProductToShoppingList_77" onclick="javascript:Tapestry.waitForPage(event);" title="Ajouter à ma liste" class="bt-produit-ajout-liste" href="http://www.refonte.auchandirect.fr/rayon.productgridorlist.productlist_1.thumbnailproduct_0.addproducttoshoppinglist/60757?t:ac=445712">Ajouter à ma liste</a></div><div class="infos-produit-1"><div class="prix-actuel"><span>3.37€</span></div></div><div class="infos-produit-2"><a title="Voir le produit" href="http://www.refonte.auchandirect.fr/boissons/produits-salés-apéritifs/amandes-salées/id1/445712/60757"><h2>BENENUTS</h2><h4>Amandes salées</h4><h4></h4><p>
125 g
<br/>
26.96€/kg
</p></a></div><div class="mini_picto_bas"><img src="http://www.refonte.auchandirect.fr/static/images/DLC-garantie-30j_small.jpg"/></div></div></div></td><td><!-- PL : ici --><div class="bloc-produit "><div class="bloc-produit-content"><a title="Voir le produit" href="http://www.refonte.auchandirect.fr/boissons/produits-salés-apéritifs/assortiment-de-biscuits-soufflés/id1/445712/101001"><img src="http://www.refonte.auchandirect.fr/static/images/products/line/101001.jpg" alt="" class="produit "/></a><div class="picto"><span class="invisible"></span></div><div class="boutons-produit"><a id="addProductToBasket_61" onclick="javascript:Tapestry.waitForPage(event);" title="Ajouter au panier" class="bt-produit-ajout-panier" href="http://www.refonte.auchandirect.fr/rayon.productgridorlist.productlist_1.thumbnailproduct_0.addproducttobasket/101001?t:ac=445712">Ajouter au panier</a><a id="addProductToShoppingList_78" onclick="javascript:Tapestry.waitForPage(event);" title="Ajouter à ma liste" class="bt-produit-ajout-liste" href="http://www.refonte.auchandirect.fr/rayon.productgridorlist.productlist_1.thumbnailproduct_0.addproducttoshoppinglist/101001?t:ac=445712">Ajouter à ma liste</a></div><div class="infos-produit-1"><div class="prix-actuel"><span>1.22€</span></div></div><div class="infos-produit-2"><a title="Voir le produit" href="http://www.refonte.auchandirect.fr/boissons/produits-salés-apéritifs/assortiment-de-biscuits-soufflés/id1/445712/101001"><h2>BENENUTS</h2><h4>Assortiment de biscuits soufflés</h4><h4>Ambiance</h4><p>
75 g
<br/>
16.27€/kg
</p></a></div><div class="mini_picto_bas"><img src="http://www.refonte.auchandirect.fr/static/images/DLC-garantie-30j_small.jpg"/></div></div></div></td><td><!-- PL : ici --><div class="bloc-produit "><div class="bloc-produit-content"><a title="Voir le produit" href="http://www.refonte.auchandirect.fr/boissons/produits-salés-apéritifs/petits-toasts-au-fromage/id1/445712/53857"><img src="http://www.refonte.auchandirect.fr/static/images/products/line/53857.jpg" alt="" class="produit "/></a><div class="picto"><span class="invisible"></span></div><div class="boutons-produit"><a id="addProductToBasket_62" onclick="javascript:Tapestry.waitForPage(event);" title="Ajouter au panier" class="bt-produit-ajout-panier" href="http://www.refonte.auchandirect.fr/rayon.productgridorlist.productlist_1.thumbnailproduct_0.addproducttobasket/53857?t:ac=445712">Ajouter au panier</a><a id="addProductToShoppingList_79" onclick="javascript:Tapestry.waitForPage(event);" title="Ajouter à ma liste" class="bt-produit-ajout-liste" href="http://www.refonte.auchandirect.fr/rayon.productgridorlist.productlist_1.thumbnailproduct_0.addproducttoshoppinglist/53857?t:ac=445712">Ajouter à ma liste</a></div><div class="infos-produit-1"><div class="prix-actuel"><span>1.32€</span></div></div><div class="infos-produit-2"><a title="Voir le produit" href="http://www.refonte.auchandirect.fr/boissons/produits-salés-apéritifs/petits-toasts-au-fromage/id1/445712/53857"><h2>BENENUTS</h2><h4>Petits toasts au fromage</h4><h4>Pépites de soleil</h4><p>
75 g
<br/>
17.60€/kg
</p></a></div><div class="mini_picto_bas"><img src="http://www.refonte.auchandirect.fr/static/images/DLC-garantie-30j_small.jpg"/></div></div></div></td></tr><tr><td><!-- PL : ici --><div class="bloc-produit "><div class="bloc-produit-content"><a title="Voir le produit" href="http://www.refonte.auchandirect.fr/boissons/produits-salés-apéritifs/cônes-soufflés-fromage/id1/445712/2282"><img src="http://www.refonte.auchandirect.fr/static/images/products/line/2282.jpg" alt="" class="produit "/></a><div class="picto"><span class="invisible"></span></div><div class="boutons-produit"><a id="addProductToBasket_63" onclick="javascript:Tapestry.waitForPage(event);" title="Ajouter au panier" class="bt-produit-ajout-panier" href="http://www.refonte.auchandirect.fr/rayon.productgridorlist.productlist_1.thumbnailproduct_0.addproducttobasket/2282?t:ac=445712">Ajouter au panier</a><a id="addProductToShoppingList_80" onclick="javascript:Tapestry.waitForPage(event);" title="Ajouter à ma liste" class="bt-produit-ajout-liste" href="http://www.refonte.auchandirect.fr/rayon.productgridorlist.productlist_1.thumbnailproduct_0.addproducttoshoppinglist/2282?t:ac=445712">Ajouter à ma liste</a></div><div class="infos-produit-1"><div class="prix-actuel"><span>1.15€</span></div></div><div class="infos-produit-2"><a title="Voir le produit" href="http://www.refonte.auchandirect.fr/boissons/produits-salés-apéritifs/cônes-soufflés-fromage/id1/445712/2282"><h2>BENENUTS</h2><h4>Cônes soufflés fromage</h4><h4>3 D's</h4><p>
85 g
<br/>
13.53€/kg
</p></a></div><div class="mini_picto_bas"><img src="http://www.refonte.auchandirect.fr/static/images/DLC-garantie-30j_small.jpg"/></div></div></div></td><td><!-- PL : ici --><div class="bloc-produit "><div class="bloc-produit-content"><a title="Voir le produit" href="http://www.refonte.auchandirect.fr/boissons/produits-salés-apéritifs/bâtonnets-soufflés-bacon/id1/445712/11286"><img src="http://www.refonte.auchandirect.fr/static/images/products/line/11286.jpg" alt="" class="produit "/></a><div class="picto"><span class="invisible"></span></div><div class="boutons-produit"><a id="addProductToBasket_64" onclick="javascript:Tapestry.waitForPage(event);" title="Ajouter au panier" class="bt-produit-ajout-panier" href="http://www.refonte.auchandirect.fr/rayon.productgridorlist.productlist_1.thumbnailproduct_0.addproducttobasket/11286?t:ac=445712">Ajouter au panier</a><a id="addProductToShoppingList_81" onclick="javascript:Tapestry.waitForPage(event);" title="Ajouter à ma liste" class="bt-produit-ajout-liste" href="http://www.refonte.auchandirect.fr/rayon.productgridorlist.productlist_1.thumbnailproduct_0.addproducttoshoppinglist/11286?t:ac=445712">Ajouter à ma liste</a></div><div class="infos-produit-1"><div class="prix-actuel"><span>1.03€</span></div></div><div class="infos-produit-2"><a title="Voir le produit" href="http://www.refonte.auchandirect.fr/boissons/produits-salés-apéritifs/bâtonnets-soufflés-bacon/id1/445712/11286"><h2>BENENUTS</h2><h4>Bâtonnets soufflés bacon</h4><h4>Fritelle</h4><p>
80 g
<br/>
12.88€/kg
</p></a></div><div class="mini_picto_bas"><img src="http://www.refonte.auchandirect.fr/static/images/DLC-garantie-30j_small.jpg"/></div></div></div></td><td><!-- PL : ici --><div class="bloc-produit "><div class="bloc-produit-content"><a title="Voir le produit" href="http://www.refonte.auchandirect.fr/boissons/produits-salés-apéritifs/cônes-soufflés-bacon/id1/445712/12270"><img src="http://www.refonte.auchandirect.fr/static/images/products/line/12270.jpg" alt="" class="produit "/></a><div class="picto"><span class="invisible"></span></div><div class="boutons-produit"><a id="addProductToBasket_65" onclick="javascript:Tapestry.waitForPage(event);" title="Ajouter au panier" class="bt-produit-ajout-panier" href="http://www.refonte.auchandirect.fr/rayon.productgridorlist.productlist_1.thumbnailproduct_0.addproducttobasket/12270?t:ac=445712">Ajouter au panier</a><a id="addProductToShoppingList_82" onclick="javascript:Tapestry.waitForPage(event);" title="Ajouter à ma liste" class="bt-produit-ajout-liste" href="http://www.refonte.auchandirect.fr/rayon.productgridorlist.productlist_1.thumbnailproduct_0.addproducttoshoppinglist/12270?t:ac=445712">Ajouter à ma liste</a></div><div class="infos-produit-1"><div class="prix-actuel"><span>1.08€</span></div></div><div class="infos-produit-2"><a title="Voir le produit" href="http://www.refonte.auchandirect.fr/boissons/produits-salés-apéritifs/cônes-soufflés-bacon/id1/445712/12270"><h2>BENENUTS</h2><h4>Cônes soufflés bacon</h4><h4>3 D's</h4><p>
85 g
<br/>
12.71€/kg
</p></a></div><div class="mini_picto_bas"><img src="http://www.refonte.auchandirect.fr/static/images/DLC-garantie-30j_small.jpg"/></div></div></div></td></tr><tr><td><!-- PL : ici --><div class="bloc-produit  bientot-dispo"><div class="bloc-produit-content"><a title="Voir le produit" href="http://www.refonte.auchandirect.fr/boissons/produits-salés-apéritifs/bâtonnets-soufflés-salés/id1/445712/2283"><img src="http://www.refonte.auchandirect.fr/static/images/products/line/2283.jpg" alt="" class="produit "/></a><div class="picto"><span class="invisible"></span></div><div class="boutons-produit"><a class="bt-produit-ajout-panier disable" title="Bientôt disponible" href="javascript:void(0)">Bientôt disponible</a><a id="addProductToShoppingList_83" onclick="javascript:Tapestry.waitForPage(event);" title="Ajouter à ma liste" class="bt-produit-ajout-liste" href="http://www.refonte.auchandirect.fr/rayon.productgridorlist.productlist_1.thumbnailproduct_0.addproducttoshoppinglist/2283?t:ac=445712">Ajouter à ma liste</a></div><div class="infos-produit-1"><div class="prix-actuel"><span>1.08€</span></div></div><div class="infos-produit-2"><a title="Voir le produit" href="http://www.refonte.auchandirect.fr/boissons/produits-salés-apéritifs/bâtonnets-soufflés-salés/id1/445712/2283"><h2>BENENUTS</h2><h4>Bâtonnets soufflés salés</h4><h4>Fritelle</h4><p>
80 g
<br/>
13.50€/kg
</p></a></div><div class="mini_picto_bas"><img src="http://www.refonte.auchandirect.fr/static/images/DLC-garantie-30j_small.jpg"/></div></div></div></td><td><!-- PL : ici --><div class="bloc-produit "><div class="bloc-produit-content"><a title="Voir le produit" href="http://www.refonte.auchandirect.fr/boissons/produits-salés-apéritifs/cônes-soufflés-salés-nature/id1/445712/12271"><img src="http://www.refonte.auchandirect.fr/static/images/products/line/12271.jpg" alt="" class="produit "/></a><div class="picto"><span class="invisible"></span></div><div class="boutons-produit"><a id="addProductToBasket_66" onclick="javascript:Tapestry.waitForPage(event);" title="Ajouter au panier" class="bt-produit-ajout-panier" href="http://www.refonte.auchandirect.fr/rayon.productgridorlist.productlist_1.thumbnailproduct_0.addproducttobasket/12271?t:ac=445712">Ajouter au panier</a><a id="addProductToShoppingList_84" onclick="javascript:Tapestry.waitForPage(event);" title="Ajouter à ma liste" class="bt-produit-ajout-liste" href="http://www.refonte.auchandirect.fr/rayon.productgridorlist.productlist_1.thumbnailproduct_0.addproducttoshoppinglist/12271?t:ac=445712">Ajouter à ma liste</a></div><div class="infos-produit-1"><div class="prix-actuel"><span>1.08€</span></div></div><div class="infos-produit-2"><a title="Voir le produit" href="http://www.refonte.auchandirect.fr/boissons/produits-salés-apéritifs/cônes-soufflés-salés-nature/id1/445712/12271"><h2>BENENUTS</h2><h4>Cônes soufflés salés nature</h4><h4>3 D's</h4><p>
85 g
<br/>
12.71€/kg
</p></a></div><div class="mini_picto_bas"><img src="http://www.refonte.auchandirect.fr/static/images/DLC-garantie-30j_small.jpg"/></div></div></div></td><td><!-- PL : ici --><div class="bloc-produit  bientot-dispo"><div class="bloc-produit-content"><a title="Voir le produit" href="http://www.refonte.auchandirect.fr/boissons/produits-salés-apéritifs/tarama-aux-oeufs-de-cabillaud/id1/445712/13648"><img src="http://www.refonte.auchandirect.fr/static/images/products/line/13648.jpg" alt="" class="produit "/></a><div class="picto"><span class="invisible"></span></div><div class="boutons-produit"><a class="bt-produit-ajout-panier disable" title="Bientôt disponible" href="javascript:void(0)">Bientôt disponible</a><a id="addProductToShoppingList_85" onclick="javascript:Tapestry.waitForPage(event);" title="Ajouter à ma liste" class="bt-produit-ajout-liste" href="http://www.refonte.auchandirect.fr/rayon.productgridorlist.productlist_1.thumbnailproduct_0.addproducttoshoppinglist/13648?t:ac=445712">Ajouter à ma liste</a></div><div class="infos-produit-1"><div class="prix-actuel"><span>1.65€</span></div></div><div class="infos-produit-2"><a title="Voir le produit" href="http://www.refonte.auchandirect.fr/boissons/produits-salés-apéritifs/tarama-aux-oeufs-de-cabillaud/id1/445712/13648"><h2>BLINI</h2><h4>Tarama aux oeufs de cabillaud</h4><h4>Nature</h4><p>
100 g
<br/>
16.50€/kg
</p></a></div><div class="mini_picto_bas"><img alt="frais" src="http://www.refonte.auchandirect.fr/static/images/frais_small.jpg"/><img src="http://www.refonte.auchandirect.fr/static/images/DLC-garantie-6j_small.jpg"/></div></div></div></td></tr><tr><td><!-- PL : ici --><div class="bloc-produit  bientot-dispo"><div class="bloc-produit-content"><a title="Voir le produit" href="http://www.refonte.auchandirect.fr/boissons/produits-salés-apéritifs/préparation-à-base-de-fromage-blanc-et-concombres/id1/445712/13649"><img src="http://www.refonte.auchandirect.fr/static/images/products/line/13649.jpg" alt="" class="produit "/></a><div class="picto"><span class="invisible"></span></div><div class="boutons-produit"><a class="bt-produit-ajout-panier disable" title="Bientôt disponible" href="javascript:void(0)">Bientôt disponible</a><a id="addProductToShoppingList_86" onclick="javascript:Tapestry.waitForPage(event);" title="Ajouter à ma liste" class="bt-produit-ajout-liste" href="http://www.refonte.auchandirect.fr/rayon.productgridorlist.productlist_1.thumbnailproduct_0.addproducttoshoppinglist/13649?t:ac=445712">Ajouter à ma liste</a></div><div class="infos-produit-1"><div class="prix-actuel"><span>2.60€</span></div></div><div class="infos-produit-2"><a title="Voir le produit" href="http://www.refonte.auchandirect.fr/boissons/produits-salés-apéritifs/préparation-à-base-de-fromage-blanc-et-concombres/id1/445712/13649"><h2>BLINI</h2><h4>Préparation à base de fromage blanc et concombres</h4><h4>Tzatziki</h4><p>
200 g
<br/>
13.00€/kg
</p></a></div><div class="mini_picto_bas"><img alt="frais" src="http://www.refonte.auchandirect.fr/static/images/frais_small.jpg"/><img src="http://www.refonte.auchandirect.fr/static/images/DLC-garantie-6j_small.jpg"/></div></div></div></td><td><!-- PL : ici --><div class="bloc-produit  bientot-dispo"><div class="bloc-produit-content"><a title="Voir le produit" href="http://www.refonte.auchandirect.fr/boissons/produits-salés-apéritifs/spécialité-à-base-de-pois-chiches/id1/445712/40937"><img src="http://www.refonte.auchandirect.fr/static/images/products/line/40937.jpg" alt="" class="produit "/></a><div class="picto"><span class="invisible"></span></div><div class="boutons-produit"><a class="bt-produit-ajout-panier disable" title="Bientôt disponible" href="javascript:void(0)">Bientôt disponible</a><a id="addProductToShoppingList_87" onclick="javascript:Tapestry.waitForPage(event);" title="Ajouter à ma liste" class="bt-produit-ajout-liste" href="http://www.refonte.auchandirect.fr/rayon.productgridorlist.productlist_1.thumbnailproduct_0.addproducttoshoppinglist/40937?t:ac=445712">Ajouter à ma liste</a></div><div class="infos-produit-1"><div class="prix-actuel"><span>2.50€</span></div></div><div class="infos-produit-2"><a title="Voir le produit" href="http://www.refonte.auchandirect.fr/boissons/produits-salés-apéritifs/spécialité-à-base-de-pois-chiches/id1/445712/40937"><h2>BLINI</h2><h4>Spécialité à base de pois chiches</h4><h4>Houmous</h4><p>
200 g
<br/>
12.50€/kg
</p></a></div><div class="mini_picto_bas"><img alt="frais" src="http://www.refonte.auchandirect.fr/static/images/frais_small.jpg"/><img src="http://www.refonte.auchandirect.fr/static/images/DLC-garantie-6j_small.jpg"/></div></div></div></td><td><!-- PL : ici --><div class="bloc-produit "><div class="bloc-produit-content"><a title="Voir le produit" href="http://www.refonte.auchandirect.fr/boissons/produits-salés-apéritifs/specialité-à-base-d'avocat/id1/445712/58905"><img src="http://www.refonte.auchandirect.fr/static/images/products/line/58905.jpg" alt="" class="produit "/></a><div class="picto"><span class="invisible"></span></div><div class="boutons-produit"><a id="addProductToBasket_67" onclick="javascript:Tapestry.waitForPage(event);" title="Ajouter au panier" class="bt-produit-ajout-panier" href="http://www.refonte.auchandirect.fr/rayon.productgridorlist.productlist_1.thumbnailproduct_0.addproducttobasket/58905?t:ac=445712">Ajouter au panier</a><a id="addProductToShoppingList_88" onclick="javascript:Tapestry.waitForPage(event);" title="Ajouter à ma liste" class="bt-produit-ajout-liste" href="http://www.refonte.auchandirect.fr/rayon.productgridorlist.productlist_1.thumbnailproduct_0.addproducttoshoppinglist/58905?t:ac=445712">Ajouter à ma liste</a></div><div class="infos-produit-1"><div class="prix-actuel"><span>2.90€</span></div></div><div class="infos-produit-2"><a title="Voir le produit" href="http://www.refonte.auchandirect.fr/boissons/produits-salés-apéritifs/specialité-à-base-d'avocat/id1/445712/58905"><h2>BLINI</h2><h4>Specialité à base d'avocat</h4><h4>Guacamole</h4><p>
200 g
<br/>
14.50€/kg
</p></a></div><div class="mini_picto_bas"><img alt="frais" src="http://www.refonte.auchandirect.fr/static/images/frais_small.jpg"/><img src="http://www.refonte.auchandirect.fr/static/images/DLC-garantie-6j_small.jpg"/></div></div></div></td></tr><tr><td><!-- PL : ici --><div class="bloc-produit "><div class="bloc-produit-content"><a title="Voir le produit" href="http://www.refonte.auchandirect.fr/boissons/produits-salés-apéritifs/assortiment-de-spécialités-apéritives-à-tartiner/id1/445712/43395"><img src="http://www.refonte.auchandirect.fr/static/images/products/line/43395.jpg" alt="" class="produit "/></a><div class="picto"><span class="invisible"></span></div><div class="boutons-produit"><a id="addProductToBasket_68" onclick="javascript:Tapestry.waitForPage(event);" title="Ajouter au panier" class="bt-produit-ajout-panier" href="http://www.refonte.auchandirect.fr/rayon.productgridorlist.productlist_1.thumbnailproduct_0.addproducttobasket/43395?t:ac=445712">Ajouter au panier</a><a id="addProductToShoppingList_89" onclick="javascript:Tapestry.waitForPage(event);" title="Ajouter à ma liste" class="bt-produit-ajout-liste" href="http://www.refonte.auchandirect.fr/rayon.productgridorlist.productlist_1.thumbnailproduct_0.addproducttoshoppinglist/43395?t:ac=445712">Ajouter à ma liste</a></div><div class="infos-produit-1"><div class="prix-actuel"><span>3.10€</span></div></div><div class="infos-produit-2"><a title="Voir le produit" href="http://www.refonte.auchandirect.fr/boissons/produits-salés-apéritifs/assortiment-de-spécialités-apéritives-à-tartiner/id1/445712/43395"><h2>BLINI</h2><h4>Assortiment de spécialités apéritives à tartiner</h4><h4>Mezze de la mer</h4><p>
225 g
<br/>
13.78€/kg
</p></a></div><div class="mini_picto_bas"><img alt="frais" src="http://www.refonte.auchandirect.fr/static/images/frais_small.jpg"/><img src="http://www.refonte.auchandirect.fr/static/images/DLC-garantie-6j_small.jpg"/></div></div></div></td><td><!-- PL : ici --><div class="bloc-produit "><div class="bloc-produit-content"><a title="Voir le produit" href="http://www.refonte.auchandirect.fr/boissons/produits-salés-apéritifs/rillettes-de-porc/id1/445712/3820"><img src="http://www.refonte.auchandirect.fr/static/images/products/line/3820.jpg" alt="" class="produit "/></a><div class="picto"><span class="invisible"></span></div><div class="boutons-produit"><a id="addProductToBasket_69" onclick="javascript:Tapestry.waitForPage(event);" title="Ajouter au panier" class="bt-produit-ajout-panier" href="http://www.refonte.auchandirect.fr/rayon.productgridorlist.productlist_1.thumbnailproduct_0.addproducttobasket/3820?t:ac=445712">Ajouter au panier</a><a id="addProductToShoppingList_90" onclick="javascript:Tapestry.waitForPage(event);" title="Ajouter à ma liste" class="bt-produit-ajout-liste" href="http://www.refonte.auchandirect.fr/rayon.productgridorlist.productlist_1.thumbnailproduct_0.addproducttoshoppinglist/3820?t:ac=445712">Ajouter à ma liste</a></div><div class="infos-produit-1"><div class="prix-actuel"><span>1.63€</span></div></div><div class="infos-produit-2"><a title="Voir le produit" href="http://www.refonte.auchandirect.fr/boissons/produits-salés-apéritifs/rillettes-de-porc/id1/445712/3820"><h2>BORDEAU CHESNEL</h2><h4>Rillettes de porc</h4><h4></h4><p>
110 g
<br/>
14.82€/kg
</p></a></div><div class="mini_picto_bas"><img alt="frais" src="http://www.refonte.auchandirect.fr/static/images/frais_small.jpg"/><img src="http://www.refonte.auchandirect.fr/static/images/DLC-garantie-6j_small.jpg"/></div></div></div></td><td><!-- PL : ici --><div class="bloc-produit  bientot-dispo"><div class="bloc-produit-content"><a title="Voir le produit" href="http://www.refonte.auchandirect.fr/boissons/produits-salés-apéritifs/rillettes-de-poulet-rôti/id1/445712/21031"><img src="http://www.refonte.auchandirect.fr/static/images/products/line/21031.jpg" alt="" class="produit "/></a><div class="picto"><span class="invisible"></span></div><div class="boutons-produit"><a class="bt-produit-ajout-panier disable" title="Bientôt disponible" href="javascript:void(0)">Bientôt disponible</a><a id="addProductToShoppingList_91" onclick="javascript:Tapestry.waitForPage(event);" title="Ajouter à ma liste" class="bt-produit-ajout-liste" href="http://www.refonte.auchandirect.fr/rayon.productgridorlist.productlist_1.thumbnailproduct_0.addproducttoshoppinglist/21031?t:ac=445712">Ajouter à ma liste</a></div><div class="infos-produit-1"><div class="prix-actuel"><span>2.63€</span></div></div><div class="infos-produit-2"><a title="Voir le produit" href="http://www.refonte.auchandirect.fr/boissons/produits-salés-apéritifs/rillettes-de-poulet-rôti/id1/445712/21031"><h2>BORDEAU CHESNEL</h2><h4>Rillettes de poulet rôti</h4><h4></h4><p>
220 g
<br/>
11.95€/kg
</p></a></div><div class="mini_picto_bas"><img alt="frais" src="http://www.refonte.auchandirect.fr/static/images/frais_small.jpg"/><img src="http://www.refonte.auchandirect.fr/static/images/DLC-garantie-6j_small.jpg"/></div></div></div></td></tr><tr><td><!-- PL : ici --><div class="bloc-produit "><div class="bloc-produit-content"><a title="Voir le produit" href="http://www.refonte.auchandirect.fr/boissons/produits-salés-apéritifs/rillettes-de-canard/id1/445712/35290"><img src="http://www.refonte.auchandirect.fr/static/images/products/line/35290.jpg" alt="" class="produit "/></a><div class="picto"><span class="invisible"></span></div><div class="boutons-produit"><a id="addProductToBasket_70" onclick="javascript:Tapestry.waitForPage(event);" title="Ajouter au panier" class="bt-produit-ajout-panier" href="http://www.refonte.auchandirect.fr/rayon.productgridorlist.productlist_1.thumbnailproduct_0.addproducttobasket/35290?t:ac=445712">Ajouter au panier</a><a id="addProductToShoppingList_92" onclick="javascript:Tapestry.waitForPage(event);" title="Ajouter à ma liste" class="bt-produit-ajout-liste" href="http://www.refonte.auchandirect.fr/rayon.productgridorlist.productlist_1.thumbnailproduct_0.addproducttoshoppinglist/35290?t:ac=445712">Ajouter à ma liste</a></div><div class="infos-produit-1"><div class="prix-actuel"><span>3.47€</span></div></div><div class="infos-produit-2"><a title="Voir le produit" href="http://www.refonte.auchandirect.fr/boissons/produits-salés-apéritifs/rillettes-de-canard/id1/445712/35290"><h2>BORDEAU CHESNEL</h2><h4>Rillettes de canard</h4><h4></h4><p>
220 g
<br/>
15.77€/kg
</p></a></div><div class="mini_picto_bas"><img alt="frais" src="http://www.refonte.auchandirect.fr/static/images/frais_small.jpg"/><img src="http://www.refonte.auchandirect.fr/static/images/DLC-garantie-6j_small.jpg"/></div></div></div></td><td><!-- PL : ici --><div class="bloc-produit  bientot-dispo"><div class="bloc-produit-content"><a title="Voir le produit" href="http://www.refonte.auchandirect.fr/boissons/produits-salés-apéritifs/bouchées-fromage-ail-et-fines-herbes/id1/445712/42792"><img src="http://www.refonte.auchandirect.fr/static/images/products/line/42792.jpg" alt="" class="produit "/></a><div class="picto"><span class="invisible"></span></div><div class="boutons-produit"><a class="bt-produit-ajout-panier disable" title="Bientôt disponible" href="javascript:void(0)">Bientôt disponible</a><a id="addProductToShoppingList_93" onclick="javascript:Tapestry.waitForPage(event);" title="Ajouter à ma liste" class="bt-produit-ajout-liste" href="http://www.refonte.auchandirect.fr/rayon.productgridorlist.productlist_1.thumbnailproduct_0.addproducttoshoppinglist/42792?t:ac=445712">Ajouter à ma liste</a></div><div class="infos-produit-1"><div class="prix-actuel"><span>2.49€</span></div></div><div class="infos-produit-2"><a title="Voir le produit" href="http://www.refonte.auchandirect.fr/boissons/produits-salés-apéritifs/bouchées-fromage-ail-et-fines-herbes/id1/445712/42792"><h2>BOURSIN</h2><h4>Bouchées fromage ail et fines herbes</h4><h4>Salade &amp; apéritif</h4><p>
120 g
<br/>
20.75€/kg
</p></a></div><div class="mini_picto_bas"><img alt="frais" src="http://www.refonte.auchandirect.fr/static/images/frais_small.jpg"/><img src="http://www.refonte.auchandirect.fr/static/images/DLC-garantie-6j_small.jpg"/></div></div></div></td><td><!-- PL : ici --><div class="bloc-produit "><div class="bloc-produit-content"><a title="Voir le produit" href="http://www.refonte.auchandirect.fr/boissons/produits-salés-apéritifs/olives-dénoyautées-aromatisées/id1/445712/41719"><img src="http://www.refonte.auchandirect.fr/static/images/products/line/41719.jpg" alt="" class="produit "/></a><div class="picto"><span class="invisible"></span></div><div class="boutons-produit"><a id="addProductToBasket_71" onclick="javascript:Tapestry.waitForPage(event);" title="Ajouter au panier" class="bt-produit-ajout-panier" href="http://www.refonte.auchandirect.fr/rayon.productgridorlist.productlist_1.thumbnailproduct_0.addproducttobasket/41719?t:ac=445712">Ajouter au panier</a><a id="addProductToShoppingList_94" onclick="javascript:Tapestry.waitForPage(event);" title="Ajouter à ma liste" class="bt-produit-ajout-liste" href="http://www.refonte.auchandirect.fr/rayon.productgridorlist.productlist_1.thumbnailproduct_0.addproducttoshoppinglist/41719?t:ac=445712">Ajouter à ma liste</a></div><div class="infos-produit-1"><div class="prix-actuel"><span>2.73€</span></div></div><div class="infos-produit-2"><a title="Voir le produit" href="http://www.refonte.auchandirect.fr/boissons/produits-salés-apéritifs/olives-dénoyautées-aromatisées/id1/445712/41719"><h2>CROC'FRAIS</h2><h4>Olives dénoyautées aromatisées</h4><h4>Provençale</h4><p>
250 g
<br/>
10.92€/kg
</p></a></div><div class="mini_picto_bas"><img alt="frais" src="http://www.refonte.auchandirect.fr/static/images/frais_small.jpg"/><img src="http://www.refonte.auchandirect.fr/static/images/DLC-garantie-6j_small.jpg"/></div></div></div></td></tr><tr><td><!-- PL : ici --><div class="bloc-produit "><div class="bloc-produit-content"><a title="Voir le produit" href="http://www.refonte.auchandirect.fr/boissons/produits-salés-apéritifs/olives-dénoyautées-aromatisées/id1/445712/41723"><img src="http://www.refonte.auchandirect.fr/static/images/products/line/41723.jpg" alt="" class="produit "/></a><div class="picto"><span class="invisible"></span></div><div class="boutons-produit"><a id="addProductToBasket_72" onclick="javascript:Tapestry.waitForPage(event);" title="Ajouter au panier" class="bt-produit-ajout-panier" href="http://www.refonte.auchandirect.fr/rayon.productgridorlist.productlist_1.thumbnailproduct_0.addproducttobasket/41723?t:ac=445712">Ajouter au panier</a><a id="addProductToShoppingList_95" onclick="javascript:Tapestry.waitForPage(event);" title="Ajouter à ma liste" class="bt-produit-ajout-liste" href="http://www.refonte.auchandirect.fr/rayon.productgridorlist.productlist_1.thumbnailproduct_0.addproducttoshoppinglist/41723?t:ac=445712">Ajouter à ma liste</a></div><div class="infos-produit-1"><div class="prix-actuel"><span>2.59€</span></div></div><div class="infos-produit-2"><a title="Voir le produit" href="http://www.refonte.auchandirect.fr/boissons/produits-salés-apéritifs/olives-dénoyautées-aromatisées/id1/445712/41723"><h2>CROC'FRAIS</h2><h4>Olives dénoyautées aromatisées</h4><h4>Herbes</h4><p>
200 g
<br/>
12.95€/kg
</p></a></div><div class="mini_picto_bas"><img alt="frais" src="http://www.refonte.auchandirect.fr/static/images/frais_small.jpg"/><img src="http://www.refonte.auchandirect.fr/static/images/DLC-garantie-6j_small.jpg"/></div></div></div></td><td><!-- PL : ici --><div class="bloc-produit "><div class="bloc-produit-content"><a title="Voir le produit" href="http://www.refonte.auchandirect.fr/boissons/produits-salés-apéritifs/tuiles-salées-à-base-de-pomme-de-terre/id1/445712/89024"><img src="http://www.refonte.auchandirect.fr/static/images/products/line/89024.jpg" alt="" class="produit "/></a><div class="picto"><span class="invisible"></span></div><div class="boutons-produit"><a id="addProductToBasket_73" onclick="javascript:Tapestry.waitForPage(event);" title="Ajouter au panier" class="bt-produit-ajout-panier" href="http://www.refonte.auchandirect.fr/rayon.productgridorlist.productlist_1.thumbnailproduct_0.addproducttobasket/89024?t:ac=445712">Ajouter au panier</a><a id="addProductToShoppingList_96" onclick="javascript:Tapestry.waitForPage(event);" title="Ajouter à ma liste" class="bt-produit-ajout-liste" href="http://www.refonte.auchandirect.fr/rayon.productgridorlist.productlist_1.thumbnailproduct_0.addproducttoshoppinglist/89024?t:ac=445712">Ajouter à ma liste</a></div><div class="infos-produit-1"><div class="prix-actuel"><span>1.60€</span></div></div><div class="infos-produit-2"><a title="Voir le produit" href="http://www.refonte.auchandirect.fr/boissons/produits-salés-apéritifs/tuiles-salées-à-base-de-pomme-de-terre/id1/445712/89024"><h2>CRUNCHIPS</h2><h4>Tuiles salées à base de pomme de terre</h4><h4>Salé</h4><p>
135 g
<br/>
11.85€/kg
</p></a></div><div class="mini_picto_bas"></div></div></div></td><td><!-- PL : ici --><div class="bloc-produit  bientot-dispo"><div class="bloc-produit-content"><a title="Voir le produit" href="http://www.refonte.auchandirect.fr/boissons/produits-salés-apéritifs/tapenade-d'olives-noires/id1/445712/35003"><img src="http://www.refonte.auchandirect.fr/static/images/products/line/35003.jpg" alt="" class="produit "/></a><div class="picto"><span class="invisible"></span></div><div class="boutons-produit"><a class="bt-produit-ajout-panier disable" title="Bientôt disponible" href="javascript:void(0)">Bientôt disponible</a><a id="addProductToShoppingList_97" onclick="javascript:Tapestry.waitForPage(event);" title="Ajouter à ma liste" class="bt-produit-ajout-liste" href="http://www.refonte.auchandirect.fr/rayon.productgridorlist.productlist_1.thumbnailproduct_0.addproducttoshoppinglist/35003?t:ac=445712">Ajouter à ma liste</a></div><div class="infos-produit-1"><div class="prix-actuel"><span>2.85€</span></div></div><div class="infos-produit-2"><a title="Voir le produit" href="http://www.refonte.auchandirect.fr/boissons/produits-salés-apéritifs/tapenade-d'olives-noires/id1/445712/35003"><h2>CRUSCANA</h2><h4>Tapenade d'olives noires</h4><h4></h4><p>
100 g
<br/>
28.50€/kg
</p></a></div><div class="mini_picto_bas"><img alt="frais" src="http://www.refonte.auchandirect.fr/static/images/frais_small.jpg"/><img src="http://www.refonte.auchandirect.fr/static/images/DLC-garantie-2j_small.jpg"/><img src="http://www.refonte.auchandirect.fr/static/images/AB_small.jpg"/></div></div></div></td></tr><tr><td><!-- PL : ici --><div class="bloc-produit "><div class="bloc-produit-content"><a title="Voir le produit" href="http://www.refonte.auchandirect.fr/boissons/produits-salés-apéritifs/chips-aromatisées/id1/445712/97058"><img src="http://www.refonte.auchandirect.fr/static/images/products/line/97058.jpg" alt="" class="produit "/></a><div class="picto"><span class="invisible"></span></div><div class="boutons-produit"><a id="addProductToBasket_74" onclick="javascript:Tapestry.waitForPage(event);" title="Ajouter au panier" class="bt-produit-ajout-panier" href="http://www.refonte.auchandirect.fr/rayon.productgridorlist.productlist_1.thumbnailproduct_0.addproducttobasket/97058?t:ac=445712">Ajouter au panier</a><a id="addProductToShoppingList_98" onclick="javascript:Tapestry.waitForPage(event);" title="Ajouter à ma liste" class="bt-produit-ajout-liste" href="http://www.refonte.auchandirect.fr/rayon.productgridorlist.productlist_1.thumbnailproduct_0.addproducttoshoppinglist/97058?t:ac=445712">Ajouter à ma liste</a></div><div class="infos-produit-1"><div class="prix-actuel"><span>1.49€</span></div></div><div class="infos-produit-2"><a title="Voir le produit" href="http://www.refonte.auchandirect.fr/boissons/produits-salés-apéritifs/chips-aromatisées/id1/445712/97058"><h2>LAY'S</h2><h4>Chips aromatisées</h4><h4>Fromage</h4><p>
120 g
<br/>
12.42€/kg
</p></a></div><div class="mini_picto_bas"></div></div></div></td><td><!-- PL : ici --><div class="bloc-produit "><div class="bloc-produit-content"><a title="Voir le produit" href="http://www.refonte.auchandirect.fr/boissons/produits-salés-apéritifs/chips-aromatisées/id1/445712/97861"><img src="http://www.refonte.auchandirect.fr/static/images/products/line/97861.jpg" alt="" class="produit "/></a><div class="picto"><span class="invisible"></span></div><div class="boutons-produit"><a id="addProductToBasket_75" onclick="javascript:Tapestry.waitForPage(event);" title="Ajouter au panier" class="bt-produit-ajout-panier" href="http://www.refonte.auchandirect.fr/rayon.productgridorlist.productlist_1.thumbnailproduct_0.addproducttobasket/97861?t:ac=445712">Ajouter au panier</a><a id="addProductToShoppingList_99" onclick="javascript:Tapestry.waitForPage(event);" title="Ajouter à ma liste" class="bt-produit-ajout-liste" href="http://www.refonte.auchandirect.fr/rayon.productgridorlist.productlist_1.thumbnailproduct_0.addproducttoshoppinglist/97861?t:ac=445712">Ajouter à ma liste</a></div><div class="infos-produit-1"><div class="prix-actuel"><span>1.56€</span></div></div><div class="infos-produit-2"><a title="Voir le produit" href="http://www.refonte.auchandirect.fr/boissons/produits-salés-apéritifs/chips-aromatisées/id1/445712/97861"><h2>LAY'S</h2><h4>Chips aromatisées</h4><h4>Bolognaise</h4><p>
120 g
<br/>
13.00€/kg
</p></a></div><div class="mini_picto_bas"></div></div></div></td><td><!-- PL : ici --><div class="bloc-produit "><div class="bloc-produit-content"><a title="Voir le produit" href="http://www.refonte.auchandirect.fr/boissons/produits-salés-apéritifs/chips-aromatisées/id1/445712/97710"><img src="http://www.refonte.auchandirect.fr/static/images/products/line/97710.jpg" alt="" class="produit "/></a><div class="picto"><span class="invisible"></span></div><div class="boutons-produit"><a id="addProductToBasket_76" onclick="javascript:Tapestry.waitForPage(event);" title="Ajouter au panier" class="bt-produit-ajout-panier" href="http://www.refonte.auchandirect.fr/rayon.productgridorlist.productlist_1.thumbnailproduct_0.addproducttobasket/97710?t:ac=445712">Ajouter au panier</a><a id="addProductToShoppingList_100" onclick="javascript:Tapestry.waitForPage(event);" title="Ajouter à ma liste" class="bt-produit-ajout-liste" href="http://www.refonte.auchandirect.fr/rayon.productgridorlist.productlist_1.thumbnailproduct_0.addproducttoshoppinglist/97710?t:ac=445712">Ajouter à ma liste</a></div><div class="infos-produit-1"><div class="prix-actuel"><span>1.50€</span></div></div><div class="infos-produit-2"><a title="Voir le produit" href="http://www.refonte.auchandirect.fr/boissons/produits-salés-apéritifs/chips-aromatisées/id1/445712/97710"><h2>LAY'S</h2><h4>Chips aromatisées</h4><h4>Barbecue</h4><p>
120 g
<br/>
12.50€/kg
</p></a></div><div class="mini_picto_bas"></div></div></div></td></tr><tr><td><!-- PL : ici --><div class="bloc-produit "><div class="bloc-produit-content"><a title="Voir le produit" href="http://www.refonte.auchandirect.fr/boissons/produits-salés-apéritifs/chips-aromatisées/id1/445712/97959"><img src="http://www.refonte.auchandirect.fr/static/images/products/line/97959.jpg" alt="" class="produit "/></a><div class="picto"><span class="invisible"></span></div><div class="boutons-produit"><a id="addProductToBasket_77" onclick="javascript:Tapestry.waitForPage(event);" title="Ajouter au panier" class="bt-produit-ajout-panier" href="http://www.refonte.auchandirect.fr/rayon.productgridorlist.productlist_1.thumbnailproduct_0.addproducttobasket/97959?t:ac=445712">Ajouter au panier</a><a id="addProductToShoppingList_101" onclick="javascript:Tapestry.waitForPage(event);" title="Ajouter à ma liste" class="bt-produit-ajout-liste" href="http://www.refonte.auchandirect.fr/rayon.productgridorlist.productlist_1.thumbnailproduct_0.addproducttoshoppinglist/97959?t:ac=445712">Ajouter à ma liste</a></div><div class="infos-produit-1"><div class="prix-actuel"><span>1.56€</span></div></div><div class="infos-produit-2"><a title="Voir le produit" href="http://www.refonte.auchandirect.fr/boissons/produits-salés-apéritifs/chips-aromatisées/id1/445712/97959"><h2>LAY'S</h2><h4>Chips aromatisées</h4><h4>Poulet roti et thym</h4><p>
120 g
<br/>
13.00€/kg
</p></a></div><div class="mini_picto_bas"></div></div></div></td><td><!-- PL : ici --><div class="bloc-produit "><div class="bloc-produit-content"><a title="Voir le produit" href="http://www.refonte.auchandirect.fr/boissons/produits-salés-apéritifs/chips-aromatisées/id1/445712/98738"><img src="http://www.refonte.auchandirect.fr/static/images/products/line/98738.jpg" alt="" class="produit "/></a><div class="picto"><span class="invisible"></span></div><div class="boutons-produit"><a id="addProductToBasket_78" onclick="javascript:Tapestry.waitForPage(event);" title="Ajouter au panier" class="bt-produit-ajout-panier" href="http://www.refonte.auchandirect.fr/rayon.productgridorlist.productlist_1.thumbnailproduct_0.addproducttobasket/98738?t:ac=445712">Ajouter au panier</a><a id="addProductToShoppingList_102" onclick="javascript:Tapestry.waitForPage(event);" title="Ajouter à ma liste" class="bt-produit-ajout-liste" href="http://www.refonte.auchandirect.fr/rayon.productgridorlist.productlist_1.thumbnailproduct_0.addproducttoshoppinglist/98738?t:ac=445712">Ajouter à ma liste</a></div><div class="infos-produit-1"><div class="prix-actuel"><span>1.50€</span></div></div><div class="infos-produit-2"><a title="Voir le produit" href="http://www.refonte.auchandirect.fr/boissons/produits-salés-apéritifs/chips-aromatisées/id1/445712/98738"><h2>LAY'S</h2><h4>Chips aromatisées</h4><h4>Jambon fumé</h4><p>
125 g
<br/>
12.50€/kg
</p></a></div><div class="mini_picto_bas"></div></div></div></td><td><!-- PL : ici --><div class="bloc-produit  bientot-dispo"><div class="bloc-produit-content"><a title="Voir le produit" href="http://www.refonte.auchandirect.fr/boissons/produits-salés-apéritifs/chips-aromatisées-différentes-saveurs/id1/445712/78756"><img src="http://www.refonte.auchandirect.fr/static/images/products/line/78756.jpg" alt="" class="produit "/></a><div class="picto"><span class="invisible"></span></div><div class="boutons-produit"><a class="bt-produit-ajout-panier disable" title="Bientôt disponible" href="javascript:void(0)">Bientôt disponible</a><a id="addProductToShoppingList_103" onclick="javascript:Tapestry.waitForPage(event);" title="Ajouter à ma liste" class="bt-produit-ajout-liste" href="http://www.refonte.auchandirect.fr/rayon.productgridorlist.productlist_1.thumbnailproduct_0.addproducttoshoppinglist/78756?t:ac=445712">Ajouter à ma liste</a></div><div class="infos-produit-1"><div class="prix-actuel"><span>2.39€</span></div></div><div class="infos-produit-2"><a title="Voir le produit" href="http://www.refonte.auchandirect.fr/boissons/produits-salés-apéritifs/chips-aromatisées-différentes-saveurs/id1/445712/78756"><h2>LAY'S</h2><h4>Chips aromatisées différentes saveurs</h4><h4></h4><p>
6 x 27.5 g
<br/>
14.48€/kg
</p></a></div><div class="mini_picto_bas"></div></div></div></td></tr><tr><td><!-- PL : ici --><div class="bloc-produit "><div class="bloc-produit-content"><a title="Voir le produit" href="http://www.refonte.auchandirect.fr/boissons/produits-salés-apéritifs/chips-salées/id1/445712/51406"><img src="http://www.refonte.auchandirect.fr/static/images/products/line/51406.jpg" alt="" class="produit "/></a><div class="picto"><span class="invisible"></span></div><div class="boutons-produit"><a id="addProductToBasket_79" onclick="javascript:Tapestry.waitForPage(event);" title="Ajouter au panier" class="bt-produit-ajout-panier" href="http://www.refonte.auchandirect.fr/rayon.productgridorlist.productlist_1.thumbnailproduct_0.addproducttobasket/51406?t:ac=445712">Ajouter au panier</a><a id="addProductToShoppingList_104" onclick="javascript:Tapestry.waitForPage(event);" title="Ajouter à ma liste" class="bt-produit-ajout-liste" href="http://www.refonte.auchandirect.fr/rayon.productgridorlist.productlist_1.thumbnailproduct_0.addproducttoshoppinglist/51406?t:ac=445712">Ajouter à ma liste</a></div><div class="infos-produit-1"><div class="prix-actuel"><span>2.08€</span></div></div><div class="infos-produit-2"><a title="Voir le produit" href="http://www.refonte.auchandirect.fr/boissons/produits-salés-apéritifs/chips-salées/id1/445712/51406"><h2>LAY'S</h2><h4>Chips salées</h4><h4>Cuites au four</h4><p>
130 g
<br/>
16.00€/kg
</p></a></div><div class="mini_picto_bas"><img src="http://www.refonte.auchandirect.fr/static/images/DLC-garantie-30j_small.jpg"/></div></div></div></td><td><!-- PL : ici --><div class="bloc-produit "><div class="bloc-produit-content"><a title="Voir le produit" href="http://www.refonte.auchandirect.fr/boissons/produits-salés-apéritifs/chips/id1/445712/55064"><img src="http://www.refonte.auchandirect.fr/static/images/products/line/55064.jpg" alt="" class="produit "/></a><div class="picto"><span class="invisible"></span></div><div class="boutons-produit"><a id="addProductToBasket_80" onclick="javascript:Tapestry.waitForPage(event);" title="Ajouter au panier" class="bt-produit-ajout-panier" href="http://www.refonte.auchandirect.fr/rayon.productgridorlist.productlist_1.thumbnailproduct_0.addproducttobasket/55064?t:ac=445712">Ajouter au panier</a><a id="addProductToShoppingList_105" onclick="javascript:Tapestry.waitForPage(event);" title="Ajouter à ma liste" class="bt-produit-ajout-liste" href="http://www.refonte.auchandirect.fr/rayon.productgridorlist.productlist_1.thumbnailproduct_0.addproducttoshoppinglist/55064?t:ac=445712">Ajouter à ma liste</a></div><div class="infos-produit-1"><div class="prix-actuel"><span>1.34€</span></div></div><div class="infos-produit-2"><a title="Voir le produit" href="http://www.refonte.auchandirect.fr/boissons/produits-salés-apéritifs/chips/id1/445712/55064"><h2>LAY'S</h2><h4>Chips</h4><h4>A l'ancienne</h4><p>
135 g
<br/>
9.93€/kg
</p></a></div><div class="mini_picto_bas"><img src="http://www.refonte.auchandirect.fr/static/images/DLC-garantie-30j_small.jpg"/></div></div></div></td><td><!-- PL : ici --><div class="bloc-produit  bientot-dispo"><div class="bloc-produit-content"><a title="Voir le produit" href="http://www.refonte.auchandirect.fr/boissons/produits-salés-apéritifs/chips-paysanne/id1/445712/55125"><img src="http://www.refonte.auchandirect.fr/static/images/products/line/55125.jpg" alt="" class="produit "/></a><div class="picto"><span class="invisible"></span></div><div class="boutons-produit"><a class="bt-produit-ajout-panier disable" title="Bientôt disponible" href="javascript:void(0)">Bientôt disponible</a><a id="addProductToShoppingList_106" onclick="javascript:Tapestry.waitForPage(event);" title="Ajouter à ma liste" class="bt-produit-ajout-liste" href="http://www.refonte.auchandirect.fr/rayon.productgridorlist.productlist_1.thumbnailproduct_0.addproducttoshoppinglist/55125?t:ac=445712">Ajouter à ma liste</a></div><div class="infos-produit-1"><div class="prix-actuel"><span>1.52€</span></div></div><div class="infos-produit-2"><a title="Voir le produit" href="http://www.refonte.auchandirect.fr/boissons/produits-salés-apéritifs/chips-paysanne/id1/445712/55125"><h2>LAY'S</h2><h4>Chips paysanne</h4><h4></h4><p>
135 g
<br/>
11.26€/kg
</p></a></div><div class="mini_picto_bas"><img src="http://www.refonte.auchandirect.fr/static/images/DLC-garantie-30j_small.jpg"/></div></div></div></td></tr><tr><td><!-- PL : ici --><div class="bloc-produit "><div class="bloc-produit-content"><a title="Voir le produit" href="http://www.refonte.auchandirect.fr/boissons/produits-salés-apéritifs/chips-salées/id1/445712/55127"><img src="http://www.refonte.auchandirect.fr/static/images/products/line/55127.jpg" alt="" class="produit "/></a><div class="picto"><span class="invisible"></span></div><div class="boutons-produit"><a id="addProductToBasket_81" onclick="javascript:Tapestry.waitForPage(event);" title="Ajouter au panier" class="bt-produit-ajout-panier" href="http://www.refonte.auchandirect.fr/rayon.productgridorlist.productlist_1.thumbnailproduct_0.addproducttobasket/55127?t:ac=445712">Ajouter au panier</a><a id="addProductToShoppingList_107" onclick="javascript:Tapestry.waitForPage(event);" title="Ajouter à ma liste" class="bt-produit-ajout-liste" href="http://www.refonte.auchandirect.fr/rayon.productgridorlist.productlist_1.thumbnailproduct_0.addproducttoshoppinglist/55127?t:ac=445712">Ajouter à ma liste</a></div><div class="infos-produit-1"><div class="prix-actuel"><span>1.41€</span></div></div><div class="infos-produit-2"><a title="Voir le produit" href="http://www.refonte.auchandirect.fr/boissons/produits-salés-apéritifs/chips-salées/id1/445712/55127"><h2>LAY'S</h2><h4>Chips salées</h4><h4></h4><p>
135 g
<br/>
10.44€/kg
</p></a></div><div class="mini_picto_bas"><img src="http://www.refonte.auchandirect.fr/static/images/DLC-garantie-30j_small.jpg"/></div></div></div></td><td><!-- PL : ici --><div class="bloc-produit "><div class="bloc-produit-content"><a title="Voir le produit" href="http://www.refonte.auchandirect.fr/boissons/produits-salés-apéritifs/chips-salées-multipack/id1/445712/78757"><img src="http://www.refonte.auchandirect.fr/static/images/products/line/78757.jpg" alt="" class="produit "/></a><div class="picto"><span class="invisible"></span></div><div class="boutons-produit"><a id="addProductToBasket_82" onclick="javascript:Tapestry.waitForPage(event);" title="Ajouter au panier" class="bt-produit-ajout-panier" href="http://www.refonte.auchandirect.fr/rayon.productgridorlist.productlist_1.thumbnailproduct_0.addproducttobasket/78757?t:ac=445712">Ajouter au panier</a><a id="addProductToShoppingList_108" onclick="javascript:Tapestry.waitForPage(event);" title="Ajouter à ma liste" class="bt-produit-ajout-liste" href="http://www.refonte.auchandirect.fr/rayon.productgridorlist.productlist_1.thumbnailproduct_0.addproducttoshoppinglist/78757?t:ac=445712">Ajouter à ma liste</a></div><div class="infos-produit-1"><div class="prix-actuel"><span>2.62€</span></div></div><div class="infos-produit-2"><a title="Voir le produit" href="http://www.refonte.auchandirect.fr/boissons/produits-salés-apéritifs/chips-salées-multipack/id1/445712/78757"><h2>LAY'S</h2><h4>Chips salées multipack</h4><h4>Nature</h4><p>
6 x 27.5 g
<br/>
15.88€/kg
</p></a></div><div class="mini_picto_bas"></div></div></div></td><td><!-- PL : ici --><div class="bloc-produit  bientot-dispo"><div class="bloc-produit-content"><a title="Voir le produit" href="http://www.refonte.auchandirect.fr/boissons/produits-salés-apéritifs/chips-nature-offre-speciale/id1/445712/61692"><img src="http://www.refonte.auchandirect.fr/static/images/products/line/61692.jpg" alt="" class="produit "/></a><div class="picto"><span class="invisible"></span></div><div class="boutons-produit"><a class="bt-produit-ajout-panier disable" title="Bientôt disponible" href="javascript:void(0)">Bientôt disponible</a><a id="addProductToShoppingList_109" onclick="javascript:Tapestry.waitForPage(event);" title="Ajouter à ma liste" class="bt-produit-ajout-liste" href="http://www.refonte.auchandirect.fr/rayon.productgridorlist.productlist_1.thumbnailproduct_0.addproducttoshoppinglist/61692?t:ac=445712">Ajouter à ma liste</a></div><div class="infos-produit-1"><div class="prix-actuel"><span>2.29€</span></div></div><div class="infos-produit-2"><a title="Voir le produit" href="http://www.refonte.auchandirect.fr/boissons/produits-salés-apéritifs/chips-nature-offre-speciale/id1/445712/61692"><h2>LAY'S</h2><h4>Chips nature OFFRE SPECIALE</h4><h4>OFFRE SPECIALE 2x135g +10% gratuit</h4><p>

<br/>
7.71€/kg
</p></a></div><div class="mini_picto_bas"></div></div></div></td></tr><tr><td><!-- PL : ici --><div class="bloc-produit "><div class="bloc-produit-content"><a title="Voir le produit" href="http://www.refonte.auchandirect.fr/boissons/produits-salés-apéritifs/16-mini-tartelettes-cocktail/id1/445712/61503"><img src="http://www.refonte.auchandirect.fr/static/images/products/line/61503.jpg" alt="" class="produit "/></a><div class="picto"><span class="invisible"></span></div><div class="boutons-produit"><a id="addProductToBasket_83" onclick="javascript:Tapestry.waitForPage(event);" title="Ajouter au panier" class="bt-produit-ajout-panier" href="http://www.refonte.auchandirect.fr/rayon.productgridorlist.productlist_1.thumbnailproduct_0.addproducttobasket/61503?t:ac=445712">Ajouter au panier</a><a id="addProductToShoppingList_110" onclick="javascript:Tapestry.waitForPage(event);" title="Ajouter à ma liste" class="bt-produit-ajout-liste" href="http://www.refonte.auchandirect.fr/rayon.productgridorlist.productlist_1.thumbnailproduct_0.addproducttoshoppinglist/61503?t:ac=445712">Ajouter à ma liste</a></div><div class="infos-produit-1"><div class="prix-actuel"><span>1.50€</span></div></div><div class="infos-produit-2"><a title="Voir le produit" href="http://www.refonte.auchandirect.fr/boissons/produits-salés-apéritifs/16-mini-tartelettes-cocktail/id1/445712/61503"><h2>LES 3 TOQUES</h2><h4>16 mini tartelettes cocktail</h4><h4></h4><p>
16 mini tartelettes
<br/>
31.25€/kg
</p></a></div><div class="mini_picto_bas"></div></div></div></td><td><!-- PL : ici --><div class="bloc-produit "><div class="bloc-produit-content"><a title="Voir le produit" href="http://www.refonte.auchandirect.fr/boissons/produits-salés-apéritifs/mélange-de-cacahuètes/id1/445712/42417"><img src="http://www.refonte.auchandirect.fr/static/images/products/line/42417.jpg" alt="" class="produit "/></a><div class="picto"><span class="invisible"></span></div><div class="boutons-produit"><a id="addProductToBasket_84" onclick="javascript:Tapestry.waitForPage(event);" title="Ajouter au panier" class="bt-produit-ajout-panier" href="http://www.refonte.auchandirect.fr/rayon.productgridorlist.productlist_1.thumbnailproduct_0.addproducttobasket/42417?t:ac=445712">Ajouter au panier</a><a id="addProductToShoppingList_111" onclick="javascript:Tapestry.waitForPage(event);" title="Ajouter à ma liste" class="bt-produit-ajout-liste" href="http://www.refonte.auchandirect.fr/rayon.productgridorlist.productlist_1.thumbnailproduct_0.addproducttoshoppinglist/42417?t:ac=445712">Ajouter à ma liste</a></div><div class="infos-produit-1"><div class="prix-actuel"><span>2.50€</span></div></div><div class="infos-produit-2"><a title="Voir le produit" href="http://www.refonte.auchandirect.fr/boissons/produits-salés-apéritifs/mélange-de-cacahuètes/id1/445712/42417"><h2>LORENZ</h2><h4>Mélange de cacahuètes</h4><h4>Select</h4><p>
100 g
<br/>
25.00€/kg
</p></a></div><div class="mini_picto_bas"><img src="http://www.refonte.auchandirect.fr/static/images/DLC-garantie-30j_small.jpg"/></div></div></div></td><td><!-- PL : ici --><div class="bloc-produit  bientot-dispo"><div class="bloc-produit-content"><a title="Voir le produit" href="http://www.refonte.auchandirect.fr/boissons/produits-salés-apéritifs/mélange-raisins,-ananas,-papayes,-bananes-et-noix-de-coco/id1/445712/1938"><img src="http://www.refonte.auchandirect.fr/static/images/products/line/1938.jpg" alt="" class="produit "/></a><div class="picto"><span class="invisible"></span></div><div class="boutons-produit"><a class="bt-produit-ajout-panier disable" title="Bientôt disponible" href="javascript:void(0)">Bientôt disponible</a><a id="addProductToShoppingList_112" onclick="javascript:Tapestry.waitForPage(event);" title="Ajouter à ma liste" class="bt-produit-ajout-liste" href="http://www.refonte.auchandirect.fr/rayon.productgridorlist.productlist_1.thumbnailproduct_0.addproducttoshoppinglist/1938?t:ac=445712">Ajouter à ma liste</a></div><div class="infos-produit-1"><div class="prix-actuel"><span>2.17€</span></div></div><div class="infos-produit-2"><a title="Voir le produit" href="http://www.refonte.auchandirect.fr/boissons/produits-salés-apéritifs/mélange-raisins,-ananas,-papayes,-bananes-et-noix-de-coco/id1/445712/1938"><h2>LORENZ</h2><h4>Mélange raisins, ananas, papayes, bananes et noix de coco</h4><h4>Apérifruits</h4><p>
120 g
<br/>
18.08€/kg
</p></a></div><div class="mini_picto_bas"><img src="http://www.refonte.auchandirect.fr/static/images/DLC-garantie-30j_small.jpg"/></div></div></div></td></tr><tr><td><!-- PL : ici --><div class="bloc-produit  bientot-dispo"><div class="bloc-produit-content"><a title="Voir le produit" href="http://www.refonte.auchandirect.fr/boissons/produits-salés-apéritifs/mélange-raisins,-noisettes,-amandes-et-noix-de-cajou/id1/445712/5536"><img src="http://www.refonte.auchandirect.fr/static/images/products/line/5536.jpg" alt="" class="produit "/></a><div class="picto"><span class="invisible"></span></div><div class="boutons-produit"><a class="bt-produit-ajout-panier disable" title="Bientôt disponible" href="javascript:void(0)">Bientôt disponible</a><a id="addProductToShoppingList_113" onclick="javascript:Tapestry.waitForPage(event);" title="Ajouter à ma liste" class="bt-produit-ajout-liste" href="http://www.refonte.auchandirect.fr/rayon.productgridorlist.productlist_1.thumbnailproduct_0.addproducttoshoppinglist/5536?t:ac=445712">Ajouter à ma liste</a></div><div class="infos-produit-1"><div class="prix-actuel"><span>2.01€</span></div></div><div class="infos-produit-2"><a title="Voir le produit" href="http://www.refonte.auchandirect.fr/boissons/produits-salés-apéritifs/mélange-raisins,-noisettes,-amandes-et-noix-de-cajou/id1/445712/5536"><h2>LORENZ</h2><h4>Mélange raisins, noisettes, amandes et noix de cajou</h4><h4>Apérigraines</h4><p>
120 g
<br/>
16.75€/kg
</p></a></div><div class="mini_picto_bas"><img src="http://www.refonte.auchandirect.fr/static/images/DLC-garantie-30j_small.jpg"/></div></div></div></td><td><!-- PL : ici --><div class="bloc-produit  bientot-dispo"><div class="bloc-produit-content"><a title="Voir le produit" href="http://www.refonte.auchandirect.fr/boissons/produits-salés-apéritifs/mélange-raisins,-ananas,-amandes-et-noisettes/id1/445712/1939"><img src="http://www.refonte.auchandirect.fr/static/images/products/line/1939.jpg" alt="" class="produit "/></a><div class="picto"><span class="invisible"></span></div><div class="boutons-produit"><a class="bt-produit-ajout-panier disable" title="Bientôt disponible" href="javascript:void(0)">Bientôt disponible</a><a id="addProductToShoppingList_114" onclick="javascript:Tapestry.waitForPage(event);" title="Ajouter à ma liste" class="bt-produit-ajout-liste" href="http://www.refonte.auchandirect.fr/rayon.productgridorlist.productlist_1.thumbnailproduct_0.addproducttoshoppinglist/1939?t:ac=445712">Ajouter à ma liste</a></div><div class="infos-produit-1"><div class="prix-actuel"><span>2.07€</span></div></div><div class="infos-produit-2"><a title="Voir le produit" href="http://www.refonte.auchandirect.fr/boissons/produits-salés-apéritifs/mélange-raisins,-ananas,-amandes-et-noisettes/id1/445712/1939"><h2>LORENZ</h2><h4>Mélange raisins, ananas, amandes et noisettes</h4><h4>Apérifruits</h4><p>
120 g
<br/>
17.25€/kg
</p></a></div><div class="mini_picto_bas"><img src="http://www.refonte.auchandirect.fr/static/images/DLC-garantie-30j_small.jpg"/></div></div></div></td><td><!-- PL : ici --><div class="bloc-produit "><div class="bloc-produit-content"><a title="Voir le produit" href="http://www.refonte.auchandirect.fr/boissons/produits-salés-apéritifs/noix-de-cajou/id1/445712/37626"><img src="http://www.refonte.auchandirect.fr/static/images/products/line/37626.jpg" alt="" class="produit "/></a><div class="picto"><span class="invisible"></span></div><div class="boutons-produit"><a id="addProductToBasket_85" onclick="javascript:Tapestry.waitForPage(event);" title="Ajouter au panier" class="bt-produit-ajout-panier" href="http://www.refonte.auchandirect.fr/rayon.productgridorlist.productlist_1.thumbnailproduct_0.addproducttobasket/37626?t:ac=445712">Ajouter au panier</a><a id="addProductToShoppingList_115" onclick="javascript:Tapestry.waitForPage(event);" title="Ajouter à ma liste" class="bt-produit-ajout-liste" href="http://www.refonte.auchandirect.fr/rayon.productgridorlist.productlist_1.thumbnailproduct_0.addproducttoshoppinglist/37626?t:ac=445712">Ajouter à ma liste</a></div><div class="infos-produit-1"><div class="prix-actuel"><span>2.53€</span></div></div><div class="infos-produit-2"><a title="Voir le produit" href="http://www.refonte.auchandirect.fr/boissons/produits-salés-apéritifs/noix-de-cajou/id1/445712/37626"><h2>LORENZ</h2><h4>Noix de cajou</h4><h4></h4><p>
125 g
<br/>
20.24€/kg
</p></a></div><div class="mini_picto_bas"><img src="http://www.refonte.auchandirect.fr/static/images/DLC-garantie-30j_small.jpg"/></div></div></div></td></tr><tr><td><!-- PL : ici --><div class="bloc-produit "><div class="bloc-produit-content"><a title="Voir le produit" href="http://www.refonte.auchandirect.fr/boissons/produits-salés-apéritifs/noix-de-cajou/id1/445712/100453"><img src="http://www.refonte.auchandirect.fr/static/images/products/line/100453.jpg" alt="" class="produit "/></a><div class="picto"><span class="invisible"></span></div><div class="boutons-produit"><a id="addProductToBasket_86" onclick="javascript:Tapestry.waitForPage(event);" title="Ajouter au panier" class="bt-produit-ajout-panier" href="http://www.refonte.auchandirect.fr/rayon.productgridorlist.productlist_1.thumbnailproduct_0.addproducttobasket/100453?t:ac=445712">Ajouter au panier</a><a id="addProductToShoppingList_116" onclick="javascript:Tapestry.waitForPage(event);" title="Ajouter à ma liste" class="bt-produit-ajout-liste" href="http://www.refonte.auchandirect.fr/rayon.productgridorlist.productlist_1.thumbnailproduct_0.addproducttoshoppinglist/100453?t:ac=445712">Ajouter à ma liste</a></div><div class="infos-produit-1"><div class="prix-actuel"><span>2.12€</span></div></div><div class="infos-produit-2"><a title="Voir le produit" href="http://www.refonte.auchandirect.fr/boissons/produits-salés-apéritifs/noix-de-cajou/id1/445712/100453"><h2>LORENZ</h2><h4>Noix de cajou</h4><h4></h4><p>
75 g
<br/>
28.27€/kg
</p></a></div><div class="mini_picto_bas"><img src="http://www.refonte.auchandirect.fr/static/images/DLC-garantie-30j_small.jpg"/></div></div></div></td><td><!-- PL : ici --><div class="bloc-produit "><div class="bloc-produit-content"><a title="Voir le produit" href="http://www.refonte.auchandirect.fr/boissons/produits-salés-apéritifs/pistaches/id1/445712/44323"><img src="http://www.refonte.auchandirect.fr/static/images/products/line/44323.jpg" alt="" class="produit "/></a><div class="picto"><span class="invisible"></span></div><div class="boutons-produit"><a id="addProductToBasket_87" onclick="javascript:Tapestry.waitForPage(event);" title="Ajouter au panier" class="bt-produit-ajout-panier" href="http://www.refonte.auchandirect.fr/rayon.productgridorlist.productlist_1.thumbnailproduct_0.addproducttobasket/44323?t:ac=445712">Ajouter au panier</a><a id="addProductToShoppingList_117" onclick="javascript:Tapestry.waitForPage(event);" title="Ajouter à ma liste" class="bt-produit-ajout-liste" href="http://www.refonte.auchandirect.fr/rayon.productgridorlist.productlist_1.thumbnailproduct_0.addproducttoshoppinglist/44323?t:ac=445712">Ajouter à ma liste</a></div><div class="infos-produit-1"><div class="prix-actuel"><span>3.09€</span></div></div><div class="infos-produit-2"><a title="Voir le produit" href="http://www.refonte.auchandirect.fr/boissons/produits-salés-apéritifs/pistaches/id1/445712/44323"><h2>LORENZ</h2><h4>Pistaches</h4><h4></h4><p>
125 g
<br/>
24.72€/kg
</p></a></div><div class="mini_picto_bas"><img src="http://www.refonte.auchandirect.fr/static/images/DLC-garantie-30j_small.jpg"/></div></div></div></td><td><!-- PL : ici --><div class="bloc-produit  bientot-dispo"><div class="bloc-produit-content"><a title="Voir le produit" href="http://www.refonte.auchandirect.fr/boissons/produits-salés-apéritifs/pop-corn-caramel/id1/445712/100110"><img src="http://www.refonte.auchandirect.fr/static/images/products/line/100110.jpg" alt="" class="produit "/></a><div class="picto"><span class="invisible"></span></div><div class="boutons-produit"><a class="bt-produit-ajout-panier disable" title="Bientôt disponible" href="javascript:void(0)">Bientôt disponible</a><a id="addProductToShoppingList_118" onclick="javascript:Tapestry.waitForPage(event);" title="Ajouter à ma liste" class="bt-produit-ajout-liste" href="http://www.refonte.auchandirect.fr/rayon.productgridorlist.productlist_1.thumbnailproduct_0.addproducttoshoppinglist/100110?t:ac=445712">Ajouter à ma liste</a></div><div class="infos-produit-1"><div class="prix-actuel"><span>0.88€</span></div></div><div class="infos-produit-2"><a title="Voir le produit" href="http://www.refonte.auchandirect.fr/boissons/produits-salés-apéritifs/pop-corn-caramel/id1/445712/100110"><h2>LORENZ</h2><h4>Pop corn caramel</h4><h4>Baff</h4><p>
100 g
<br/>
8.80€/kg
</p></a></div><div class="mini_picto_bas"><img src="http://www.refonte.auchandirect.fr/static/images/DLC-garantie-30j_small.jpg"/></div></div></div></td></tr><tr><td><!-- PL : ici --><div class="bloc-produit "><div class="bloc-produit-content"><a title="Voir le produit" href="http://www.refonte.auchandirect.fr/boissons/produits-salés-apéritifs/assortiments-de-biscuits-soufflés/id1/445712/53855"><img src="http://www.refonte.auchandirect.fr/static/images/products/line/53855.jpg" alt="" class="produit "/></a><div class="picto"><span class="invisible"></span></div><div class="boutons-produit"><a id="addProductToBasket_88" onclick="javascript:Tapestry.waitForPage(event);" title="Ajouter au panier" class="bt-produit-ajout-panier" href="http://www.refonte.auchandirect.fr/rayon.productgridorlist.productlist_1.thumbnailproduct_0.addproducttobasket/53855?t:ac=445712">Ajouter au panier</a><a id="addProductToShoppingList_119" onclick="javascript:Tapestry.waitForPage(event);" title="Ajouter à ma liste" class="bt-produit-ajout-liste" href="http://www.refonte.auchandirect.fr/rayon.productgridorlist.productlist_1.thumbnailproduct_0.addproducttoshoppinglist/53855?t:ac=445712">Ajouter à ma liste</a></div><div class="infos-produit-1"><div class="prix-actuel"><span>1.13€</span></div></div><div class="infos-produit-2"><a title="Voir le produit" href="http://www.refonte.auchandirect.fr/boissons/produits-salés-apéritifs/assortiments-de-biscuits-soufflés/id1/445712/53855"><h2>LORENZ</h2><h4>Assortiments de biscuits soufflés</h4><h4>Curly club</h4><p>
90 g
<br/>
12.56€/kg
</p></a></div><div class="mini_picto_bas"><img src="http://www.refonte.auchandirect.fr/static/images/DLC-garantie-30j_small.jpg"/></div></div></div></td><td><!-- PL : ici --><div class="bloc-produit  bientot-dispo"><div class="bloc-produit-content"><a title="Voir le produit" href="http://www.refonte.auchandirect.fr/boissons/produits-salés-apéritifs/biscuits-soufflés-jambon---fromage/id1/445712/1394"><img src="http://www.refonte.auchandirect.fr/static/images/products/line/1394.jpg" alt="" class="produit "/></a><div class="picto"><span class="invisible"></span></div><div class="boutons-produit"><a class="bt-produit-ajout-panier disable" title="Bientôt disponible" href="javascript:void(0)">Bientôt disponible</a><a id="addProductToShoppingList_120" onclick="javascript:Tapestry.waitForPage(event);" title="Ajouter à ma liste" class="bt-produit-ajout-liste" href="http://www.refonte.auchandirect.fr/rayon.productgridorlist.productlist_1.thumbnailproduct_0.addproducttoshoppinglist/1394?t:ac=445712">Ajouter à ma liste</a></div><div class="infos-produit-1"><div class="prix-actuel"><span>1.18€</span></div></div><div class="infos-produit-2"><a title="Voir le produit" href="http://www.refonte.auchandirect.fr/boissons/produits-salés-apéritifs/biscuits-soufflés-jambon---fromage/id1/445712/1394"><h2>LORENZ</h2><h4>Biscuits soufflés jambon - fromage</h4><h4>Monster munch</h4><p>
80 g
<br/>
14.75€/kg
</p></a></div><div class="mini_picto_bas"><img src="http://www.refonte.auchandirect.fr/static/images/DLC-garantie-30j_small.jpg"/></div></div></div></td><td><!-- PL : ici --><div class="bloc-produit "><div class="bloc-produit-content"><a title="Voir le produit" href="http://www.refonte.auchandirect.fr/boissons/produits-salés-apéritifs/biscuits-soufflés-tomate/id1/445712/2135"><img src="http://www.refonte.auchandirect.fr/static/images/products/line/2135.jpg" alt="" class="produit "/></a><div class="picto"><span class="invisible"></span></div><div class="boutons-produit"><a id="addProductToBasket_89" onclick="javascript:Tapestry.waitForPage(event);" title="Ajouter au panier" class="bt-produit-ajout-panier" href="http://www.refonte.auchandirect.fr/rayon.productgridorlist.productlist_1.thumbnailproduct_0.addproducttobasket/2135?t:ac=445712">Ajouter au panier</a><a id="addProductToShoppingList_121" onclick="javascript:Tapestry.waitForPage(event);" title="Ajouter à ma liste" class="bt-produit-ajout-liste" href="http://www.refonte.auchandirect.fr/rayon.productgridorlist.productlist_1.thumbnailproduct_0.addproducttoshoppinglist/2135?t:ac=445712">Ajouter à ma liste</a></div><div class="infos-produit-1"><div class="prix-actuel"><span>0.73€</span></div></div><div class="infos-produit-2"><a title="Voir le produit" href="http://www.refonte.auchandirect.fr/boissons/produits-salés-apéritifs/biscuits-soufflés-tomate/id1/445712/2135"><h2>LORENZ</h2><h4>Biscuits soufflés tomate</h4><h4>Dixi</h4><p>
42 g
<br/>
17.38€/kg
</p></a></div><div class="mini_picto_bas"><img src="http://www.refonte.auchandirect.fr/static/images/DLC-garantie-30j_small.jpg"/></div></div></div></td></tr><tr><td><!-- PL : ici --><div class="bloc-produit "><div class="bloc-produit-content"><a title="Voir le produit" href="http://www.refonte.auchandirect.fr/boissons/produits-salés-apéritifs/biscuits-soufflés-cacahuètes/id1/445712/46130"><img src="http://www.refonte.auchandirect.fr/static/images/products/line/46130.jpg" alt="" class="produit "/></a><div class="picto"><span class="invisible"></span></div><div class="boutons-produit"><a id="addProductToBasket_90" onclick="javascript:Tapestry.waitForPage(event);" title="Ajouter au panier" class="bt-produit-ajout-panier" href="http://www.refonte.auchandirect.fr/rayon.productgridorlist.productlist_1.thumbnailproduct_0.addproducttobasket/46130?t:ac=445712">Ajouter au panier</a><a id="addProductToShoppingList_122" onclick="javascript:Tapestry.waitForPage(event);" title="Ajouter à ma liste" class="bt-produit-ajout-liste" href="http://www.refonte.auchandirect.fr/rayon.productgridorlist.productlist_1.thumbnailproduct_0.addproducttoshoppinglist/46130?t:ac=445712">Ajouter à ma liste</a></div><div class="infos-produit-1"><div class="prix-actuel"><span>1.72€</span></div></div><div class="infos-produit-2"><a title="Voir le produit" href="http://www.refonte.auchandirect.fr/boissons/produits-salés-apéritifs/biscuits-soufflés-cacahuètes/id1/445712/46130"><h2>LORENZ</h2><h4>Biscuits soufflés cacahuètes</h4><h4>Curly</h4><p>
160  g
<br/>
10.75€/kg
</p></a></div><div class="mini_picto_bas"><img src="http://www.refonte.auchandirect.fr/static/images/DLC-garantie-30j_small.jpg"/></div></div></div></td><td><!-- PL : ici --><div class="bloc-produit "><div class="bloc-produit-content"><a title="Voir le produit" href="http://www.refonte.auchandirect.fr/boissons/produits-salés-apéritifs/biscuits-soufflés-paprika/id1/445712/61149"><img src="http://www.refonte.auchandirect.fr/static/images/products/line/61149.jpg" alt="" class="produit "/></a><div class="picto"><span class="invisible"></span></div><div class="boutons-produit"><a id="addProductToBasket_91" onclick="javascript:Tapestry.waitForPage(event);" title="Ajouter au panier" class="bt-produit-ajout-panier" href="http://www.refonte.auchandirect.fr/rayon.productgridorlist.productlist_1.thumbnailproduct_0.addproducttobasket/61149?t:ac=445712">Ajouter au panier</a><a id="addProductToShoppingList_123" onclick="javascript:Tapestry.waitForPage(event);" title="Ajouter à ma liste" class="bt-produit-ajout-liste" href="http://www.refonte.auchandirect.fr/rayon.productgridorlist.productlist_1.thumbnailproduct_0.addproducttoshoppinglist/61149?t:ac=445712">Ajouter à ma liste</a></div><div class="infos-produit-1"><div class="prix-actuel"><span>1.17€</span></div></div><div class="infos-produit-2"><a title="Voir le produit" href="http://www.refonte.auchandirect.fr/boissons/produits-salés-apéritifs/biscuits-soufflés-paprika/id1/445712/61149"><h2>LORENZ</h2><h4>Biscuits soufflés paprika</h4><h4>Curly balls</h4><p>
70 g
<br/>
16.71€/kg
</p></a></div><div class="mini_picto_bas"><img src="http://www.refonte.auchandirect.fr/static/images/DLC-garantie-30j_small.jpg"/></div></div></div></td><td><!-- PL : ici --><div class="bloc-produit "><div class="bloc-produit-content"><a title="Voir le produit" href="http://www.refonte.auchandirect.fr/boissons/produits-salés-apéritifs/biscuits-soufflés-salés/id1/445712/100273"><img src="http://www.refonte.auchandirect.fr/static/images/products/line/100273.jpg" alt="" class="produit "/></a><div class="picto"><span class="invisible"></span></div><div class="boutons-produit"><a id="addProductToBasket_92" onclick="javascript:Tapestry.waitForPage(event);" title="Ajouter au panier" class="bt-produit-ajout-panier" href="http://www.refonte.auchandirect.fr/rayon.productgridorlist.productlist_1.thumbnailproduct_0.addproducttobasket/100273?t:ac=445712">Ajouter au panier</a><a id="addProductToShoppingList_124" onclick="javascript:Tapestry.waitForPage(event);" title="Ajouter à ma liste" class="bt-produit-ajout-liste" href="http://www.refonte.auchandirect.fr/rayon.productgridorlist.productlist_1.thumbnailproduct_0.addproducttoshoppinglist/100273?t:ac=445712">Ajouter à ma liste</a></div><div class="infos-produit-1"><div class="prix-actuel"><span>1.16€</span></div></div><div class="infos-produit-2"><a title="Voir le produit" href="http://www.refonte.auchandirect.fr/boissons/produits-salés-apéritifs/biscuits-soufflés-salés/id1/445712/100273"><h2>LORENZ</h2><h4>Biscuits soufflés salés</h4><h4>Monster munch</h4><p>
80 g
<br/>
14.50€/kg
</p></a></div><div class="mini_picto_bas"><img src="http://www.refonte.auchandirect.fr/static/images/DLC-garantie-30j_small.jpg"/></div></div></div></td></tr><tr><td><!-- PL : ici --><div class="bloc-produit "><div class="bloc-produit-content"><a title="Voir le produit" href="http://www.refonte.auchandirect.fr/boissons/produits-salés-apéritifs/biscuits-soufflés-cacahuète/id1/445712/100880"><img src="http://www.refonte.auchandirect.fr/static/images/products/line/100880.jpg" alt="" class="produit "/></a><div class="picto"><span class="invisible"></span></div><div class="boutons-produit"><a id="addProductToBasket_93" onclick="javascript:Tapestry.waitForPage(event);" title="Ajouter au panier" class="bt-produit-ajout-panier" href="http://www.refonte.auchandirect.fr/rayon.productgridorlist.productlist_1.thumbnailproduct_0.addproducttobasket/100880?t:ac=445712">Ajouter au panier</a><a id="addProductToShoppingList_125" onclick="javascript:Tapestry.waitForPage(event);" title="Ajouter à ma liste" class="bt-produit-ajout-liste" href="http://www.refonte.auchandirect.fr/rayon.productgridorlist.productlist_1.thumbnailproduct_0.addproducttoshoppinglist/100880?t:ac=445712">Ajouter à ma liste</a></div><div class="infos-produit-1"><div class="prix-actuel"><span>1.09€</span></div></div><div class="infos-produit-2"><a title="Voir le produit" href="http://www.refonte.auchandirect.fr/boissons/produits-salés-apéritifs/biscuits-soufflés-cacahuète/id1/445712/100880"><h2>LORENZ</h2><h4>Biscuits soufflés cacahuète</h4><h4>Curly</h4><p>
90 g
<br/>
12.11€/kg
</p></a></div><div class="mini_picto_bas"><img src="http://www.refonte.auchandirect.fr/static/images/DLC-garantie-30j_small.jpg"/></div></div></div></td><td><!-- PL : ici --><div class="bloc-produit  bientot-dispo"><div class="bloc-produit-content"><a title="Voir le produit" href="http://www.refonte.auchandirect.fr/boissons/produits-salés-apéritifs/crackers-avec-graines-de-sésame/id1/445712/2164"><img src="http://www.refonte.auchandirect.fr/static/images/products/line/2164.jpg" alt="" class="produit "/></a><div class="picto"><span class="invisible"></span></div><div class="boutons-produit"><a class="bt-produit-ajout-panier disable" title="Bientôt disponible" href="javascript:void(0)">Bientôt disponible</a><a id="addProductToShoppingList_126" onclick="javascript:Tapestry.waitForPage(event);" title="Ajouter à ma liste" class="bt-produit-ajout-liste" href="http://www.refonte.auchandirect.fr/rayon.productgridorlist.productlist_1.thumbnailproduct_0.addproducttoshoppinglist/2164?t:ac=445712">Ajouter à ma liste</a></div><div class="infos-produit-1"><div class="prix-actuel"><span>1.14€</span></div></div><div class="infos-produit-2"><a title="Voir le produit" href="http://www.refonte.auchandirect.fr/boissons/produits-salés-apéritifs/crackers-avec-graines-de-sésame/id1/445712/2164"><h2>LU</h2><h4>Crackers avec graines de sésame</h4><h4>Tuc</h4><p>
100 g
<br/>
11.40€/kg
</p></a></div><div class="mini_picto_bas"><img src="http://www.refonte.auchandirect.fr/static/images/DLC-garantie-30j_small.jpg"/></div></div></div></td><td><!-- PL : ici --><div class="bloc-produit "><div class="bloc-produit-content"><a title="Voir le produit" href="http://www.refonte.auchandirect.fr/boissons/produits-salés-apéritifs/crackers-bacon/id1/445712/40997"><img src="http://www.refonte.auchandirect.fr/static/images/products/line/40997.jpg" alt="" class="produit "/></a><div class="picto"><span class="invisible"></span></div><div class="boutons-produit"><a id="addProductToBasket_94" onclick="javascript:Tapestry.waitForPage(event);" title="Ajouter au panier" class="bt-produit-ajout-panier" href="http://www.refonte.auchandirect.fr/rayon.productgridorlist.productlist_1.thumbnailproduct_0.addproducttobasket/40997?t:ac=445712">Ajouter au panier</a><a id="addProductToShoppingList_127" onclick="javascript:Tapestry.waitForPage(event);" title="Ajouter à ma liste" class="bt-produit-ajout-liste" href="http://www.refonte.auchandirect.fr/rayon.productgridorlist.productlist_1.thumbnailproduct_0.addproducttoshoppinglist/40997?t:ac=445712">Ajouter à ma liste</a></div><div class="infos-produit-1"><div class="prix-actuel"><span>1.16€</span></div></div><div class="infos-produit-2"><a title="Voir le produit" href="http://www.refonte.auchandirect.fr/boissons/produits-salés-apéritifs/crackers-bacon/id1/445712/40997"><h2>LU</h2><h4>Crackers bacon</h4><h4>Tuc</h4><p>
100 g
<br/>
11.60€/kg
</p></a></div><div class="mini_picto_bas"></div></div></div></td></tr><tr><td><!-- PL : ici --><div class="bloc-produit "><div class="bloc-produit-content"><a title="Voir le produit" href="http://www.refonte.auchandirect.fr/boissons/produits-salés-apéritifs/crackers-salés-crème-oignon/id1/445712/61145"><img src="http://www.refonte.auchandirect.fr/static/images/products/line/61145.jpg" alt="" class="produit "/></a><div class="picto"><span class="invisible"></span></div><div class="boutons-produit"><a id="addProductToBasket_95" onclick="javascript:Tapestry.waitForPage(event);" title="Ajouter au panier" class="bt-produit-ajout-panier" href="http://www.refonte.auchandirect.fr/rayon.productgridorlist.productlist_1.thumbnailproduct_0.addproducttobasket/61145?t:ac=445712">Ajouter au panier</a><a id="addProductToShoppingList_128" onclick="javascript:Tapestry.waitForPage(event);" title="Ajouter à ma liste" class="bt-produit-ajout-liste" href="http://www.refonte.auchandirect.fr/rayon.productgridorlist.productlist_1.thumbnailproduct_0.addproducttoshoppinglist/61145?t:ac=445712">Ajouter à ma liste</a></div><div class="infos-produit-1"><div class="prix-actuel"><span>1.36€</span></div></div><div class="infos-produit-2"><a title="Voir le produit" href="http://www.refonte.auchandirect.fr/boissons/produits-salés-apéritifs/crackers-salés-crème-oignon/id1/445712/61145"><h2>LU</h2><h4>Crackers salés crème-oignon</h4><h4>Tuc</h4><p>
100 g
<br/>
13.60€/kg
</p></a></div><div class="mini_picto_bas"><img src="http://www.refonte.auchandirect.fr/static/images/DLC-garantie-30j_small.jpg"/></div></div></div></td><td><!-- PL : ici --><div class="bloc-produit  bientot-dispo"><div class="bloc-produit-content"><a title="Voir le produit" href="http://www.refonte.auchandirect.fr/boissons/produits-salés-apéritifs/crackers-salés/id1/445712/6315"><img src="http://www.refonte.auchandirect.fr/static/images/products/line/6315.jpg" alt="" class="produit "/></a><div class="picto"><span class="invisible"></span></div><div class="boutons-produit"><a class="bt-produit-ajout-panier disable" title="Bientôt disponible" href="javascript:void(0)">Bientôt disponible</a><a id="addProductToShoppingList_129" onclick="javascript:Tapestry.waitForPage(event);" title="Ajouter à ma liste" class="bt-produit-ajout-liste" href="http://www.refonte.auchandirect.fr/rayon.productgridorlist.productlist_1.thumbnailproduct_0.addproducttoshoppinglist/6315?t:ac=445712">Ajouter à ma liste</a></div><div class="infos-produit-1"><div class="prix-actuel"><span>2.29€</span></div></div><div class="infos-produit-2"><a title="Voir le produit" href="http://www.refonte.auchandirect.fr/boissons/produits-salés-apéritifs/crackers-salés/id1/445712/6315"><h2>LU</h2><h4>Crackers salés</h4><h4>Tuc</h4><p>
100 g
<br/>
7.63€/kg
</p></a></div><div class="mini_picto_bas"><img src="http://www.refonte.auchandirect.fr/static/images/DLC-garantie-30j_small.jpg"/></div></div></div></td><td><!-- PL : ici --><div class="bloc-produit "><div class="bloc-produit-content"><a title="Voir le produit" href="http://www.refonte.auchandirect.fr/boissons/produits-salés-apéritifs/pop-corn-sucré-en-sachet-micro-ondable/id1/445712/60030"><img src="http://www.refonte.auchandirect.fr/static/images/products/line/60030.jpg" alt="" class="produit "/></a><div class="picto"><span class="invisible"></span></div><div class="boutons-produit"><a id="addProductToBasket_96" onclick="javascript:Tapestry.waitForPage(event);" title="Ajouter au panier" class="bt-produit-ajout-panier" href="http://www.refonte.auchandirect.fr/rayon.productgridorlist.productlist_1.thumbnailproduct_0.addproducttobasket/60030?t:ac=445712">Ajouter au panier</a><a id="addProductToShoppingList_130" onclick="javascript:Tapestry.waitForPage(event);" title="Ajouter à ma liste" class="bt-produit-ajout-liste" href="http://www.refonte.auchandirect.fr/rayon.productgridorlist.productlist_1.thumbnailproduct_0.addproducttoshoppinglist/60030?t:ac=445712">Ajouter à ma liste</a></div><div class="infos-produit-1"><div class="prix-actuel"><span>2.23€</span></div></div><div class="infos-produit-2"><a title="Voir le produit" href="http://www.refonte.auchandirect.fr/boissons/produits-salés-apéritifs/pop-corn-sucré-en-sachet-micro-ondable/id1/445712/60030"><h2>MENGUY'S</h2><h4>Pop corn sucré en sachet micro-ondable</h4><h4>Maxi Pop</h4><p>
3 x 90 g
<br/>
8.26€/kg
</p></a></div><div class="mini_picto_bas"><img src="http://www.refonte.auchandirect.fr/static/images/DLC-garantie-30j_small.jpg"/></div></div></div></td></tr><tr><td><!-- PL : ici --><div class="bloc-produit  bientot-dispo"><div class="bloc-produit-content"><a title="Voir le produit" href="http://www.refonte.auchandirect.fr/boissons/produits-salés-apéritifs/pop-corn-salé-en-sachet-micro-ondable/id1/445712/75674"><img src="http://www.refonte.auchandirect.fr/static/images/products/line/75674.jpg" alt="" class="produit "/></a><div class="picto"><span class="invisible"></span></div><div class="boutons-produit"><a class="bt-produit-ajout-panier disable" title="Bientôt disponible" href="javascript:void(0)">Bientôt disponible</a><a id="addProductToShoppingList_131" onclick="javascript:Tapestry.waitForPage(event);" title="Ajouter à ma liste" class="bt-produit-ajout-liste" href="http://www.refonte.auchandirect.fr/rayon.productgridorlist.productlist_1.thumbnailproduct_0.addproducttoshoppinglist/75674?t:ac=445712">Ajouter à ma liste</a></div><div class="infos-produit-1"><div class="prix-actuel"><span>2.20€</span></div></div><div class="infos-produit-2"><a title="Voir le produit" href="http://www.refonte.auchandirect.fr/boissons/produits-salés-apéritifs/pop-corn-salé-en-sachet-micro-ondable/id1/445712/75674"><h2>MENGUY'S</h2><h4>Pop corn salé en sachet micro-ondable</h4><h4>Maxi Pop</h4><p>
3 x 90g
<br/>
8.15€/kg
</p></a></div><div class="mini_picto_bas"></div></div></div></td><td><!-- PL : ici --><div class="bloc-produit  bientot-dispo"><div class="bloc-produit-content"><a title="Voir le produit" href="http://www.refonte.auchandirect.fr/boissons/produits-salés-apéritifs/cocktail-olives-lupins/id1/445712/12089"><img src="http://www.refonte.auchandirect.fr/static/images/products/line/12089.jpg" alt="" class="produit "/></a><div class="picto"><span class="invisible"></span></div><div class="boutons-produit"><a class="bt-produit-ajout-panier disable" title="Bientôt disponible" href="javascript:void(0)">Bientôt disponible</a><a id="addProductToShoppingList_132" onclick="javascript:Tapestry.waitForPage(event);" title="Ajouter à ma liste" class="bt-produit-ajout-liste" href="http://www.refonte.auchandirect.fr/rayon.productgridorlist.productlist_1.thumbnailproduct_0.addproducttoshoppinglist/12089?t:ac=445712">Ajouter à ma liste</a></div><div class="infos-produit-1"><div class="prix-actuel"><span>1.58€</span></div></div><div class="infos-produit-2"><a title="Voir le produit" href="http://www.refonte.auchandirect.fr/boissons/produits-salés-apéritifs/cocktail-olives-lupins/id1/445712/12089"><h2>MENGUY'S</h2><h4>Cocktail olives lupins</h4><h4></h4><p>
320 g
<br/>
4.94€/kg
</p></a></div><div class="mini_picto_bas"><img src="http://www.refonte.auchandirect.fr/static/images/DLC-garantie-30j_small.jpg"/></div></div></div></td><td><!-- PL : ici --><div class="bloc-produit  bientot-dispo"><div class="bloc-produit-content"><a title="Voir le produit" href="http://www.refonte.auchandirect.fr/boissons/produits-salés-apéritifs/olives-vertes-sauce-pimentée/id1/445712/100556"><img src="http://www.refonte.auchandirect.fr/static/images/products/line/100556.jpg" alt="" class="produit "/></a><div class="picto"><span class="invisible"></span></div><div class="boutons-produit"><a class="bt-produit-ajout-panier disable" title="Bientôt disponible" href="javascript:void(0)">Bientôt disponible</a><a id="addProductToShoppingList_133" onclick="javascript:Tapestry.waitForPage(event);" title="Ajouter à ma liste" class="bt-produit-ajout-liste" href="http://www.refonte.auchandirect.fr/rayon.productgridorlist.productlist_1.thumbnailproduct_0.addproducttoshoppinglist/100556?t:ac=445712">Ajouter à ma liste</a></div><div class="infos-produit-1"><div class="prix-actuel"><span>1.69€</span></div></div><div class="infos-produit-2"><a title="Voir le produit" href="http://www.refonte.auchandirect.fr/boissons/produits-salés-apéritifs/olives-vertes-sauce-pimentée/id1/445712/100556"><h2>MENGUY'S</h2><h4>Olives vertes sauce pimentée</h4><h4></h4><p>
250 g
<br/>
6.76€/kg
</p></a></div><div class="mini_picto_bas"><img src="http://www.refonte.auchandirect.fr/static/images/DLC-garantie-30j_small.jpg"/></div></div></div></td></tr><tr><td><!-- PL : ici --><div class="bloc-produit  bientot-dispo"><div class="bloc-produit-content"><a title="Voir le produit" href="http://www.refonte.auchandirect.fr/boissons/produits-salés-apéritifs/olives-vertes-à-la-farce-d'anchois/id1/445712/100553"><img src="http://www.refonte.auchandirect.fr/static/images/products/line/100553.jpg" alt="" class="produit "/></a><div class="picto"><span class="invisible"></span></div><div class="boutons-produit"><a class="bt-produit-ajout-panier disable" title="Bientôt disponible" href="javascript:void(0)">Bientôt disponible</a><a id="addProductToShoppingList_134" onclick="javascript:Tapestry.waitForPage(event);" title="Ajouter à ma liste" class="bt-produit-ajout-liste" href="http://www.refonte.auchandirect.fr/rayon.productgridorlist.productlist_1.thumbnailproduct_0.addproducttoshoppinglist/100553?t:ac=445712">Ajouter à ma liste</a></div><div class="infos-produit-1"><div class="prix-actuel"><span>1.52€</span></div></div><div class="infos-produit-2"><a title="Voir le produit" href="http://www.refonte.auchandirect.fr/boissons/produits-salés-apéritifs/olives-vertes-à-la-farce-d'anchois/id1/445712/100553"><h2>MENGUY'S</h2><h4>Olives vertes à la farce d'anchois</h4><h4></h4><p>
150 g
<br/>
10.13€/kg
</p></a></div><div class="mini_picto_bas"><img src="http://www.refonte.auchandirect.fr/static/images/DLC-garantie-30j_small.jpg"/></div></div></div></td><td><!-- PL : ici --><div class="bloc-produit "><div class="bloc-produit-content"><a title="Voir le produit" href="http://www.refonte.auchandirect.fr/boissons/produits-salés-apéritifs/tortillas-chips-chili/id1/445712/38552"><img src="http://www.refonte.auchandirect.fr/static/images/products/line/38552.jpg" alt="" class="produit "/></a><div class="picto"><span class="invisible"></span></div><div class="boutons-produit"><a id="addProductToBasket_97" onclick="javascript:Tapestry.waitForPage(event);" title="Ajouter au panier" class="bt-produit-ajout-panier" href="http://www.refonte.auchandirect.fr/rayon.productgridorlist.productlist_1.thumbnailproduct_0.addproducttobasket/38552?t:ac=445712">Ajouter au panier</a><a id="addProductToShoppingList_135" onclick="javascript:Tapestry.waitForPage(event);" title="Ajouter à ma liste" class="bt-produit-ajout-liste" href="http://www.refonte.auchandirect.fr/rayon.productgridorlist.productlist_1.thumbnailproduct_0.addproducttoshoppinglist/38552?t:ac=445712">Ajouter à ma liste</a></div><div class="infos-produit-1"><div class="prix-actuel"><span>2.52€</span></div></div><div class="infos-produit-2"><a title="Voir le produit" href="http://www.refonte.auchandirect.fr/boissons/produits-salés-apéritifs/tortillas-chips-chili/id1/445712/38552"><h2>OLD EL PASO</h2><h4>Tortillas chips Chili</h4><h4></h4><p>
200 g
<br/>
12.60€/kg
</p></a></div><div class="mini_picto_bas"><img src="http://www.refonte.auchandirect.fr/static/images/DLC-garantie-30j_small.jpg"/></div></div></div></td><td><!-- PL : ici --><div class="bloc-produit "><div class="bloc-produit-content"><a title="Voir le produit" href="http://www.refonte.auchandirect.fr/boissons/produits-salés-apéritifs/galettes-de-maïs/id1/445712/1487"><img src="http://www.refonte.auchandirect.fr/static/images/products/line/1487.jpg" alt="" class="produit "/></a><div class="picto"><span class="invisible"></span></div><div class="boutons-produit"><a id="addProductToBasket_98" onclick="javascript:Tapestry.waitForPage(event);" title="Ajouter au panier" class="bt-produit-ajout-panier" href="http://www.refonte.auchandirect.fr/rayon.productgridorlist.productlist_1.thumbnailproduct_0.addproducttobasket/1487?t:ac=445712">Ajouter au panier</a><a id="addProductToShoppingList_136" onclick="javascript:Tapestry.waitForPage(event);" title="Ajouter à ma liste" class="bt-produit-ajout-liste" href="http://www.refonte.auchandirect.fr/rayon.productgridorlist.productlist_1.thumbnailproduct_0.addproducttoshoppinglist/1487?t:ac=445712">Ajouter à ma liste</a></div><div class="infos-produit-1"><div class="prix-actuel"><span>2.79€</span></div></div><div class="infos-produit-2"><a title="Voir le produit" href="http://www.refonte.auchandirect.fr/boissons/produits-salés-apéritifs/galettes-de-maïs/id1/445712/1487"><h2>OLD EL PASO</h2><h4>Galettes de maïs</h4><h4>Nature</h4><p>
200 g
<br/>
13.95€/kg
</p></a></div><div class="mini_picto_bas"><img src="http://www.refonte.auchandirect.fr/static/images/DLC-garantie-30j_small.jpg"/></div></div></div></td></tr><tr><td><!-- PL : ici --><div class="bloc-produit "><div class="bloc-produit-content"><a title="Voir le produit" href="http://www.refonte.auchandirect.fr/boissons/produits-salés-apéritifs/rillettes-de-thon/id1/445712/1636"><img src="http://www.refonte.auchandirect.fr/static/images/products/line/1636.jpg" alt="" class="produit "/></a><div class="picto"><span class="invisible"></span></div><div class="boutons-produit"><a id="addProductToBasket_99" onclick="javascript:Tapestry.waitForPage(event);" title="Ajouter au panier" class="bt-produit-ajout-panier" href="http://www.refonte.auchandirect.fr/rayon.productgridorlist.productlist_1.thumbnailproduct_0.addproducttobasket/1636?t:ac=445712">Ajouter au panier</a><a id="addProductToShoppingList_137" onclick="javascript:Tapestry.waitForPage(event);" title="Ajouter à ma liste" class="bt-produit-ajout-liste" href="http://www.refonte.auchandirect.fr/rayon.productgridorlist.productlist_1.thumbnailproduct_0.addproducttoshoppinglist/1636?t:ac=445712">Ajouter à ma liste</a></div><div class="infos-produit-1"><div class="prix-actuel"><span>1.92€</span></div></div><div class="infos-produit-2"><a title="Voir le produit" href="http://www.refonte.auchandirect.fr/boissons/produits-salés-apéritifs/rillettes-de-thon/id1/445712/1636"><h2>PETIT NAVIRE</h2><h4>Rillettes de thon</h4><h4></h4><p>
125 g
<br/>
15.36€/kg
</p></a></div><div class="mini_picto_bas"><img src="http://www.refonte.auchandirect.fr/static/images/DLC-garantie-30j_small.jpg"/><img src="http://www.refonte.auchandirect.fr/static/images/petit-format_small.jpg"/></div></div></div></td><td><!-- PL : ici --><div class="bloc-produit  bientot-dispo"><div class="bloc-produit-content"><a title="Voir le produit" href="http://www.refonte.auchandirect.fr/boissons/produits-salés-apéritifs/noix-de-cajou/id1/445712/44712"><img src="http://www.refonte.auchandirect.fr/static/images/products/line/44712.jpg" alt="" class="produit "/></a><div class="picto"><span class="invisible"></span></div><div class="boutons-produit"><a class="bt-produit-ajout-panier disable" title="Bientôt disponible" href="javascript:void(0)">Bientôt disponible</a><a id="addProductToShoppingList_138" onclick="javascript:Tapestry.waitForPage(event);" title="Ajouter à ma liste" class="bt-produit-ajout-liste" href="http://www.refonte.auchandirect.fr/rayon.productgridorlist.productlist_1.thumbnailproduct_0.addproducttoshoppinglist/44712?t:ac=445712">Ajouter à ma liste</a></div><div class="infos-produit-1"><div class="prix-actuel"><span>1.03€</span></div></div><div class="infos-produit-2"><a title="Voir le produit" href="http://www.refonte.auchandirect.fr/boissons/produits-salés-apéritifs/noix-de-cajou/id1/445712/44712"><h2>POUCE</h2><h4>Noix de cajou</h4><h4></h4><p>
125 g
<br/>
8.24€/kg
</p></a></div><div class="mini_picto_bas"><img alt="marque-pouce" src="http://www.refonte.auchandirect.fr/static/images/marque-pouce_small.jpg"/></div></div></div></td><td><!-- PL : ici --><div class="bloc-produit "><div class="bloc-produit-content"><a title="Voir le produit" href="http://www.refonte.auchandirect.fr/boissons/produits-salés-apéritifs/tuiles-salées-à-base-de-pomme-de-terre-piment/id1/445712/57530"><img src="http://www.refonte.auchandirect.fr/static/images/products/line/57530.jpg" alt="" class="produit "/></a><div class="picto"><span class="invisible"></span></div><div class="boutons-produit"><a id="addProductToBasket_100" onclick="javascript:Tapestry.waitForPage(event);" title="Ajouter au panier" class="bt-produit-ajout-panier" href="http://www.refonte.auchandirect.fr/rayon.productgridorlist.productlist_1.thumbnailproduct_0.addproducttobasket/57530?t:ac=445712">Ajouter au panier</a><a id="addProductToShoppingList_139" onclick="javascript:Tapestry.waitForPage(event);" title="Ajouter à ma liste" class="bt-produit-ajout-liste" href="http://www.refonte.auchandirect.fr/rayon.productgridorlist.productlist_1.thumbnailproduct_0.addproducttoshoppinglist/57530?t:ac=445712">Ajouter à ma liste</a></div><div class="infos-produit-1"><div class="prix-actuel"><span>2.65€</span></div></div><div class="infos-produit-2"><a title="Voir le produit" href="http://www.refonte.auchandirect.fr/boissons/produits-salés-apéritifs/tuiles-salées-à-base-de-pomme-de-terre-piment/id1/445712/57530"><h2>PRINGLES</h2><h4>Tuiles salées à base de pomme de terre piment</h4><h4>Extrême chili</h4><p>
150 g
<br/>
17.67€/kg
</p></a></div><div class="mini_picto_bas"><img src="http://www.refonte.auchandirect.fr/static/images/DLC-garantie-30j_small.jpg"/></div></div></div></td></tr><tr><td><!-- PL : ici --><div class="bloc-produit "><div class="bloc-produit-content"><a title="Voir le produit" href="http://www.refonte.auchandirect.fr/boissons/produits-salés-apéritifs/tuiles-crème-et-oignon/id1/445712/60832"><img src="http://www.refonte.auchandirect.fr/static/images/products/line/60832.jpg" alt="" class="produit "/></a><div class="picto"><span class="invisible"></span></div><div class="boutons-produit"><a id="addProductToBasket_101" onclick="javascript:Tapestry.waitForPage(event);" title="Ajouter au panier" class="bt-produit-ajout-panier" href="http://www.refonte.auchandirect.fr/rayon.productgridorlist.productlist_1.thumbnailproduct_0.addproducttobasket/60832?t:ac=445712">Ajouter au panier</a><a id="addProductToShoppingList_140" onclick="javascript:Tapestry.waitForPage(event);" title="Ajouter à ma liste" class="bt-produit-ajout-liste" href="http://www.refonte.auchandirect.fr/rayon.productgridorlist.productlist_1.thumbnailproduct_0.addproducttoshoppinglist/60832?t:ac=445712">Ajouter à ma liste</a></div><div class="infos-produit-1"><div class="prix-actuel"><span>2.50€</span></div></div><div class="infos-produit-2"><a title="Voir le produit" href="http://www.refonte.auchandirect.fr/boissons/produits-salés-apéritifs/tuiles-crème-et-oignon/id1/445712/60832"><h2>PRINGLES</h2><h4>Tuiles crème et oignon</h4><h4>Multigrain</h4><p>
150 g
<br/>
16.67€/kg
</p></a></div><div class="mini_picto_bas"></div></div></div></td><td><!-- PL : ici --><div class="bloc-produit  bientot-dispo"><div class="bloc-produit-content"><a title="Voir le produit" href="http://www.refonte.auchandirect.fr/boissons/produits-salés-apéritifs/tuiles-salées-à-base-de-pomme-de-terre/id1/445712/97541"><img src="http://www.refonte.auchandirect.fr/static/images/products/line/97541.jpg" alt="" class="produit "/></a><div class="picto"><span class="invisible"></span></div><div class="boutons-produit"><a class="bt-produit-ajout-panier disable" title="Bientôt disponible" href="javascript:void(0)">Bientôt disponible</a><a id="addProductToShoppingList_141" onclick="javascript:Tapestry.waitForPage(event);" title="Ajouter à ma liste" class="bt-produit-ajout-liste" href="http://www.refonte.auchandirect.fr/rayon.productgridorlist.productlist_1.thumbnailproduct_0.addproducttoshoppinglist/97541?t:ac=445712">Ajouter à ma liste</a></div><div class="infos-produit-1"><div class="prix-actuel"><span>2.15€</span></div></div><div class="infos-produit-2"><a title="Voir le produit" href="http://www.refonte.auchandirect.fr/boissons/produits-salés-apéritifs/tuiles-salées-à-base-de-pomme-de-terre/id1/445712/97541"><h2>PRINGLES</h2><h4>Tuiles salées à base de pomme de terre</h4><h4>Original</h4><p>
150 g
<br/>
14.33€/kg
</p></a></div><div class="mini_picto_bas"></div></div></div></td><td><!-- PL : ici --><div class="bloc-produit "><div class="bloc-produit-content"><a title="Voir le produit" href="http://www.refonte.auchandirect.fr/boissons/produits-salés-apéritifs/tuiles-salées-à-base-de-pomme-de-terre/id1/445712/97527"><img src="http://www.refonte.auchandirect.fr/static/images/products/line/97527.jpg" alt="" class="produit "/></a><div class="picto"><span class="invisible"></span></div><div class="boutons-produit"><a id="addProductToBasket_102" onclick="javascript:Tapestry.waitForPage(event);" title="Ajouter au panier" class="bt-produit-ajout-panier" href="http://www.refonte.auchandirect.fr/rayon.productgridorlist.productlist_1.thumbnailproduct_0.addproducttobasket/97527?t:ac=445712">Ajouter au panier</a><a id="addProductToShoppingList_142" onclick="javascript:Tapestry.waitForPage(event);" title="Ajouter à ma liste" class="bt-produit-ajout-liste" href="http://www.refonte.auchandirect.fr/rayon.productgridorlist.productlist_1.thumbnailproduct_0.addproducttoshoppinglist/97527?t:ac=445712">Ajouter à ma liste</a></div><div class="infos-produit-1"><div class="prix-actuel"><span>2.10€</span></div></div><div class="infos-produit-2"><a title="Voir le produit" href="http://www.refonte.auchandirect.fr/boissons/produits-salés-apéritifs/tuiles-salées-à-base-de-pomme-de-terre/id1/445712/97527"><h2>PRINGLES</h2><h4>Tuiles salées à base de pomme de terre</h4><h4>Paprika</h4><p>
150 g
<br/>
14.00€/kg
</p></a></div><div class="mini_picto_bas"></div></div></div></td></tr><tr><td><!-- PL : ici --><div class="bloc-produit "><div class="bloc-produit-content"><a title="Voir le produit" href="http://www.refonte.auchandirect.fr/boissons/produits-salés-apéritifs/tuiles-salées-à-base-de-pomme-de-terre/id1/445712/97555"><img src="http://www.refonte.auchandirect.fr/static/images/products/line/97555.jpg" alt="" class="produit "/></a><div class="picto"><span class="invisible"></span></div><div class="boutons-produit"><a id="addProductToBasket_103" onclick="javascript:Tapestry.waitForPage(event);" title="Ajouter au panier" class="bt-produit-ajout-panier" href="http://www.refonte.auchandirect.fr/rayon.productgridorlist.productlist_1.thumbnailproduct_0.addproducttobasket/97555?t:ac=445712">Ajouter au panier</a><a id="addProductToShoppingList_143" onclick="javascript:Tapestry.waitForPage(event);" title="Ajouter à ma liste" class="bt-produit-ajout-liste" href="http://www.refonte.auchandirect.fr/rayon.productgridorlist.productlist_1.thumbnailproduct_0.addproducttoshoppinglist/97555?t:ac=445712">Ajouter à ma liste</a></div><div class="infos-produit-1"><div class="prix-actuel"><span>2.15€</span></div></div><div class="infos-produit-2"><a title="Voir le produit" href="http://www.refonte.auchandirect.fr/boissons/produits-salés-apéritifs/tuiles-salées-à-base-de-pomme-de-terre/id1/445712/97555"><h2>PRINGLES</h2><h4>Tuiles salées à base de pomme de terre</h4><h4>Crème oignon</h4><p>
150 g
<br/>
14.33€/kg
</p></a></div><div class="mini_picto_bas"></div></div></div></td><td><!-- PL : ici --><div class="bloc-produit "><div class="bloc-produit-content"><a title="Voir le produit" href="http://www.refonte.auchandirect.fr/boissons/produits-salés-apéritifs/tuiles-apéritives-crème-d'oignon/id1/445712/95965"><img src="http://www.refonte.auchandirect.fr/static/images/products/line/95965.jpg" alt="" class="produit "/></a><div class="picto"><span class="invisible"></span></div><div class="boutons-produit"><a id="addProductToBasket_104" onclick="javascript:Tapestry.waitForPage(event);" title="Ajouter au panier" class="bt-produit-ajout-panier" href="http://www.refonte.auchandirect.fr/rayon.productgridorlist.productlist_1.thumbnailproduct_0.addproducttobasket/95965?t:ac=445712">Ajouter au panier</a><a id="addProductToShoppingList_144" onclick="javascript:Tapestry.waitForPage(event);" title="Ajouter à ma liste" class="bt-produit-ajout-liste" href="http://www.refonte.auchandirect.fr/rayon.productgridorlist.productlist_1.thumbnailproduct_0.addproducttoshoppinglist/95965?t:ac=445712">Ajouter à ma liste</a></div><div class="infos-produit-1"><div class="prix-actuel"><span>2.10€</span></div></div><div class="infos-produit-2"><a title="Voir le produit" href="http://www.refonte.auchandirect.fr/boissons/produits-salés-apéritifs/tuiles-apéritives-crème-d'oignon/id1/445712/95965"><h2>PRINGLES</h2><h4>Tuiles apéritives  crème d'oignon</h4><h4>+15 % GRATUIT</h4><p>
180 g
<br/>
12.73€/kg
</p></a></div><div class="mini_picto_bas"></div></div></div></td><td><!-- PL : ici --><div class="bloc-produit "><div class="bloc-produit-content"><a title="Voir le produit" href="http://www.refonte.auchandirect.fr/boissons/produits-salés-apéritifs/tuiles-apéritives-paprika/id1/445712/95961"><img src="http://www.refonte.auchandirect.fr/static/images/products/line/95961.jpg" alt="" class="produit "/></a><div class="picto"><span class="invisible"></span></div><div class="boutons-produit"><a id="addProductToBasket_105" onclick="javascript:Tapestry.waitForPage(event);" title="Ajouter au panier" class="bt-produit-ajout-panier" href="http://www.refonte.auchandirect.fr/rayon.productgridorlist.productlist_1.thumbnailproduct_0.addproducttobasket/95961?t:ac=445712">Ajouter au panier</a><a id="addProductToShoppingList_145" onclick="javascript:Tapestry.waitForPage(event);" title="Ajouter à ma liste" class="bt-produit-ajout-liste" href="http://www.refonte.auchandirect.fr/rayon.productgridorlist.productlist_1.thumbnailproduct_0.addproducttoshoppinglist/95961?t:ac=445712">Ajouter à ma liste</a></div><div class="infos-produit-1"><div class="prix-actuel"><span>2.10€</span></div></div><div class="infos-produit-2"><a title="Voir le produit" href="http://www.refonte.auchandirect.fr/boissons/produits-salés-apéritifs/tuiles-apéritives-paprika/id1/445712/95961"><h2>PRINGLES</h2><h4>Tuiles apéritives paprika</h4><h4>+15% GRATUIT</h4><p>
180 g
<br/>
12.73€/kg
</p></a></div><div class="mini_picto_bas"></div></div></div></td></tr><tr><td><!-- PL : ici --><div class="bloc-produit "><div class="bloc-produit-content"><a title="Voir le produit" href="http://www.refonte.auchandirect.fr/boissons/produits-salés-apéritifs/tuiles-salées-à-base-de-pomme-de-terre/id1/445712/97792"><img src="http://www.refonte.auchandirect.fr/static/images/products/line/97792.jpg" alt="" class="produit "/></a><div class="picto"><span class="invisible"></span></div><div class="boutons-produit"><a id="addProductToBasket_106" onclick="javascript:Tapestry.waitForPage(event);" title="Ajouter au panier" class="bt-produit-ajout-panier" href="http://www.refonte.auchandirect.fr/rayon.productgridorlist.productlist_1.thumbnailproduct_0.addproducttobasket/97792?t:ac=445712">Ajouter au panier</a><a id="addProductToShoppingList_146" onclick="javascript:Tapestry.waitForPage(event);" title="Ajouter à ma liste" class="bt-produit-ajout-liste" href="http://www.refonte.auchandirect.fr/rayon.productgridorlist.productlist_1.thumbnailproduct_0.addproducttoshoppinglist/97792?t:ac=445712">Ajouter à ma liste</a></div><div class="infos-produit-1"><div class="prix-actuel"><span>2.15€</span></div></div><div class="infos-produit-2"><a title="Voir le produit" href="http://www.refonte.auchandirect.fr/boissons/produits-salés-apéritifs/tuiles-salées-à-base-de-pomme-de-terre/id1/445712/97792"><h2>PRINGLES</h2><h4>Tuiles salées à base de pomme de terre</h4><h4>Barbecue</h4><p>
150 g
<br/>
14.33€/kg
</p></a></div><div class="mini_picto_bas"></div></div></div></td><td><!-- PL : ici --><div class="bloc-produit "><div class="bloc-produit-content"><a title="Voir le produit" href="http://www.refonte.auchandirect.fr/boissons/produits-salés-apéritifs/confit-de-tomates-séchées/id1/445712/58151"><img src="http://www.refonte.auchandirect.fr/static/images/products/line/58151.jpg" alt="" class="produit "/></a><div class="picto"><span class="invisible"></span></div><div class="boutons-produit"><a id="addProductToBasket_107" onclick="javascript:Tapestry.waitForPage(event);" title="Ajouter au panier" class="bt-produit-ajout-panier" href="http://www.refonte.auchandirect.fr/rayon.productgridorlist.productlist_1.thumbnailproduct_0.addproducttobasket/58151?t:ac=445712">Ajouter au panier</a><a id="addProductToShoppingList_147" onclick="javascript:Tapestry.waitForPage(event);" title="Ajouter à ma liste" class="bt-produit-ajout-liste" href="http://www.refonte.auchandirect.fr/rayon.productgridorlist.productlist_1.thumbnailproduct_0.addproducttoshoppinglist/58151?t:ac=445712">Ajouter à ma liste</a></div><div class="infos-produit-1"><div class="prix-actuel"><span>2.63€</span></div></div><div class="infos-produit-2"><a title="Voir le produit" href="http://www.refonte.auchandirect.fr/boissons/produits-salés-apéritifs/confit-de-tomates-séchées/id1/445712/58151"><h2>PUGET</h2><h4>Confit de tomates séchées</h4><h4></h4><p>
90 g
<br/>
29.22€/kg
</p></a></div><div class="mini_picto_bas"><img src="http://www.refonte.auchandirect.fr/static/images/DLC-garantie-30j_small.jpg"/></div></div></div></td><td><!-- PL : ici --><div class="bloc-produit "><div class="bloc-produit-content"><a title="Voir le produit" href="http://www.refonte.auchandirect.fr/boissons/produits-salés-apéritifs/tapenade-à-base-d'olives-noires/id1/445712/58150"><img src="http://www.refonte.auchandirect.fr/static/images/products/line/58150.jpg" alt="" class="produit "/></a><div class="picto"><span class="invisible"></span></div><div class="boutons-produit"><a id="addProductToBasket_108" onclick="javascript:Tapestry.waitForPage(event);" title="Ajouter au panier" class="bt-produit-ajout-panier" href="http://www.refonte.auchandirect.fr/rayon.productgridorlist.productlist_1.thumbnailproduct_0.addproducttobasket/58150?t:ac=445712">Ajouter au panier</a><a id="addProductToShoppingList_148" onclick="javascript:Tapestry.waitForPage(event);" title="Ajouter à ma liste" class="bt-produit-ajout-liste" href="http://www.refonte.auchandirect.fr/rayon.productgridorlist.productlist_1.thumbnailproduct_0.addproducttoshoppinglist/58150?t:ac=445712">Ajouter à ma liste</a></div><div class="infos-produit-1"><div class="prix-actuel"><span>2.98€</span></div></div><div class="infos-produit-2"><a title="Voir le produit" href="http://www.refonte.auchandirect.fr/boissons/produits-salés-apéritifs/tapenade-à-base-d'olives-noires/id1/445712/58150"><h2>PUGET</h2><h4>Tapenade à base d'olives noires</h4><h4></h4><p>
90 g
<br/>
33.11€/kg
</p></a></div><div class="mini_picto_bas"><img src="http://www.refonte.auchandirect.fr/static/images/DLC-garantie-30j_small.jpg"/></div></div></div></td></tr><tr><td><!-- PL : ici --><div class="bloc-produit  bientot-dispo"><div class="bloc-produit-content"><a title="Voir le produit" href="http://www.refonte.auchandirect.fr/boissons/produits-salés-apéritifs/olives-vertes-dénoyautées/id1/445712/2586"><img src="http://www.refonte.auchandirect.fr/static/images/products/line/2586.jpg" alt="" class="produit "/></a><div class="picto"><span class="invisible"></span></div><div class="boutons-produit"><a class="bt-produit-ajout-panier disable" title="Bientôt disponible" href="javascript:void(0)">Bientôt disponible</a><a id="addProductToShoppingList_149" onclick="javascript:Tapestry.waitForPage(event);" title="Ajouter à ma liste" class="bt-produit-ajout-liste" href="http://www.refonte.auchandirect.fr/rayon.productgridorlist.productlist_1.thumbnailproduct_0.addproducttoshoppinglist/2586?t:ac=445712">Ajouter à ma liste</a></div><div class="infos-produit-1"><div class="prix-actuel"><span>2.99€</span></div></div><div class="infos-produit-2"><a title="Voir le produit" href="http://www.refonte.auchandirect.fr/boissons/produits-salés-apéritifs/olives-vertes-dénoyautées/id1/445712/2586"><h2>TRAMIER</h2><h4>Olives vertes dénoyautées</h4><h4></h4><p>
320 g
<br/>
9.34€/kg
</p></a></div><div class="mini_picto_bas"><img src="http://www.refonte.auchandirect.fr/static/images/DLC-garantie-30j_small.jpg"/></div></div></div></td><td><!-- PL : ici --><div class="bloc-produit "><div class="bloc-produit-content"><a title="Voir le produit" href="http://www.refonte.auchandirect.fr/boissons/produits-salés-apéritifs/olives-vertes-dénoyautées-gordal/id1/445712/58543"><img src="http://www.refonte.auchandirect.fr/static/images/products/line/58543.jpg" alt="" class="produit "/></a><div class="picto"><span class="invisible"></span></div><div class="boutons-produit"><a id="addProductToBasket_109" onclick="javascript:Tapestry.waitForPage(event);" title="Ajouter au panier" class="bt-produit-ajout-panier" href="http://www.refonte.auchandirect.fr/rayon.productgridorlist.productlist_1.thumbnailproduct_0.addproducttobasket/58543?t:ac=445712">Ajouter au panier</a><a id="addProductToShoppingList_150" onclick="javascript:Tapestry.waitForPage(event);" title="Ajouter à ma liste" class="bt-produit-ajout-liste" href="http://www.refonte.auchandirect.fr/rayon.productgridorlist.productlist_1.thumbnailproduct_0.addproducttoshoppinglist/58543?t:ac=445712">Ajouter à ma liste</a></div><div class="infos-produit-1"><div class="prix-actuel"><span>2.39€</span></div></div><div class="infos-produit-2"><a title="Voir le produit" href="http://www.refonte.auchandirect.fr/boissons/produits-salés-apéritifs/olives-vertes-dénoyautées-gordal/id1/445712/58543"><h2>TRAMIER</h2><h4>Olives vertes dénoyautées gordal</h4><h4></h4><p>
100 g
<br/>
23.90€/kg
</p></a></div><div class="mini_picto_bas"><img src="http://www.refonte.auchandirect.fr/static/images/DLC-garantie-30j_small.jpg"/></div></div></div></td><td><!-- PL : ici --><div class="bloc-produit "><div class="bloc-produit-content"><a title="Voir le produit" href="http://www.refonte.auchandirect.fr/boissons/produits-salés-apéritifs/olives-noires-entières-à-la-grecque/id1/445712/1121"><img src="http://www.refonte.auchandirect.fr/static/images/products/line/1121.jpg" alt="" class="produit "/></a><div class="picto"><span class="invisible"></span></div><div class="boutons-produit"><a id="addProductToBasket_110" onclick="javascript:Tapestry.waitForPage(event);" title="Ajouter au panier" class="bt-produit-ajout-panier" href="http://www.refonte.auchandirect.fr/rayon.productgridorlist.productlist_1.thumbnailproduct_0.addproducttobasket/1121?t:ac=445712">Ajouter au panier</a><a id="addProductToShoppingList_151" onclick="javascript:Tapestry.waitForPage(event);" title="Ajouter à ma liste" class="bt-produit-ajout-liste" href="http://www.refonte.auchandirect.fr/rayon.productgridorlist.productlist_1.thumbnailproduct_0.addproducttoshoppinglist/1121?t:ac=445712">Ajouter à ma liste</a></div><div class="infos-produit-1"><div class="prix-actuel"><span>1.51€</span></div></div><div class="infos-produit-2"><a title="Voir le produit" href="http://www.refonte.auchandirect.fr/boissons/produits-salés-apéritifs/olives-noires-entières-à-la-grecque/id1/445712/1121"><h2>TRAMIER</h2><h4>Olives noires entières à la grecque</h4><h4></h4><p>
125 g
<br/>
12.08€/kg
</p></a></div><div class="mini_picto_bas"><img src="http://www.refonte.auchandirect.fr/static/images/DLC-garantie-30j_small.jpg"/></div></div></div></td></tr><tr><td><!-- PL : ici --><div class="bloc-produit "><div class="bloc-produit-content"><a title="Voir le produit" href="http://www.refonte.auchandirect.fr/boissons/produits-salés-apéritifs/olives-noires-dénoyautées-à-la-grecque/id1/445712/1458"><img src="http://www.refonte.auchandirect.fr/static/images/products/line/1458.jpg" alt="" class="produit "/></a><div class="picto"><span class="invisible"></span></div><div class="boutons-produit"><a id="addProductToBasket_111" onclick="javascript:Tapestry.waitForPage(event);" title="Ajouter au panier" class="bt-produit-ajout-panier" href="http://www.refonte.auchandirect.fr/rayon.productgridorlist.productlist_1.thumbnailproduct_0.addproducttobasket/1458?t:ac=445712">Ajouter au panier</a><a id="addProductToShoppingList_152" onclick="javascript:Tapestry.waitForPage(event);" title="Ajouter à ma liste" class="bt-produit-ajout-liste" href="http://www.refonte.auchandirect.fr/rayon.productgridorlist.productlist_1.thumbnailproduct_0.addproducttoshoppinglist/1458?t:ac=445712">Ajouter à ma liste</a></div><div class="infos-produit-1"><div class="prix-actuel"><span>4.14€</span></div></div><div class="infos-produit-2"><a title="Voir le produit" href="http://www.refonte.auchandirect.fr/boissons/produits-salés-apéritifs/olives-noires-dénoyautées-à-la-grecque/id1/445712/1458"><h2>TRAMIER</h2><h4>Olives noires dénoyautées à la grecque</h4><h4></h4><p>
205 g
<br/>
20.20€/kg
</p></a></div><div class="mini_picto_bas"><img src="http://www.refonte.auchandirect.fr/static/images/DLC-garantie-30j_small.jpg"/></div></div></div></td><td><!-- PL : ici --><div class="bloc-produit "><div class="bloc-produit-content"><a title="Voir le produit" href="http://www.refonte.auchandirect.fr/boissons/produits-salés-apéritifs/chips-au-légumes/id1/445712/96408"><img src="http://www.refonte.auchandirect.fr/static/images/products/line/96408.jpg" alt="" class="produit "/></a><div class="picto"><span class="invisible"></span></div><div class="boutons-produit"><a id="addProductToBasket_112" onclick="javascript:Tapestry.waitForPage(event);" title="Ajouter au panier" class="bt-produit-ajout-panier" href="http://www.refonte.auchandirect.fr/rayon.productgridorlist.productlist_1.thumbnailproduct_0.addproducttobasket/96408?t:ac=445712">Ajouter au panier</a><a id="addProductToShoppingList_153" onclick="javascript:Tapestry.waitForPage(event);" title="Ajouter à ma liste" class="bt-produit-ajout-liste" href="http://www.refonte.auchandirect.fr/rayon.productgridorlist.productlist_1.thumbnailproduct_0.addproducttoshoppinglist/96408?t:ac=445712">Ajouter à ma liste</a></div><div class="infos-produit-1"><div class="prix-actuel"><span>3.12€</span></div></div><div class="infos-produit-2"><a title="Voir le produit" href="http://www.refonte.auchandirect.fr/boissons/produits-salés-apéritifs/chips-au-légumes/id1/445712/96408"><h2>TYRRELL'S</h2><h4>Chips au légumes</h4><h4></h4><p>
150 g
<br/>
20.80€/kg
</p></a></div><div class="mini_picto_bas"></div></div></div></td><td><!-- PL : ici --><div class="bloc-produit "><div class="bloc-produit-content"><a title="Voir le produit" href="http://www.refonte.auchandirect.fr/boissons/produits-salés-apéritifs/chips-vinaigre-de-cidre/id1/445712/96407"><img src="http://www.refonte.auchandirect.fr/static/images/products/line/96407.jpg" alt="" class="produit "/></a><div class="picto"><span class="invisible"></span></div><div class="boutons-produit"><a id="addProductToBasket_113" onclick="javascript:Tapestry.waitForPage(event);" title="Ajouter au panier" class="bt-produit-ajout-panier" href="http://www.refonte.auchandirect.fr/rayon.productgridorlist.productlist_1.thumbnailproduct_0.addproducttobasket/96407?t:ac=445712">Ajouter au panier</a><a id="addProductToShoppingList_154" onclick="javascript:Tapestry.waitForPage(event);" title="Ajouter à ma liste" class="bt-produit-ajout-liste" href="http://www.refonte.auchandirect.fr/rayon.productgridorlist.productlist_1.thumbnailproduct_0.addproducttoshoppinglist/96407?t:ac=445712">Ajouter à ma liste</a></div><div class="infos-produit-1"><div class="prix-actuel"><span>2.25€</span></div></div><div class="infos-produit-2"><a title="Voir le produit" href="http://www.refonte.auchandirect.fr/boissons/produits-salés-apéritifs/chips-vinaigre-de-cidre/id1/445712/96407"><h2>TYRRELL'S</h2><h4>Chips vinaigre de cidre</h4><h4></h4><p>
150 g
<br/>
15.00€/kg
</p></a></div><div class="mini_picto_bas"></div></div></div></td></tr><tr><td><!-- PL : ici --><div class="bloc-produit "><div class="bloc-produit-content"><a title="Voir le produit" href="http://www.refonte.auchandirect.fr/boissons/produits-salés-apéritifs/chips-légèrement-salées/id1/445712/96409"><img src="http://www.refonte.auchandirect.fr/static/images/products/line/96409.jpg" alt="" class="produit "/></a><div class="picto"><span class="invisible"></span></div><div class="boutons-produit"><a id="addProductToBasket_114" onclick="javascript:Tapestry.waitForPage(event);" title="Ajouter au panier" class="bt-produit-ajout-panier" href="http://www.refonte.auchandirect.fr/rayon.productgridorlist.productlist_1.thumbnailproduct_0.addproducttobasket/96409?t:ac=445712">Ajouter au panier</a><a id="addProductToShoppingList_155" onclick="javascript:Tapestry.waitForPage(event);" title="Ajouter à ma liste" class="bt-produit-ajout-liste" href="http://www.refonte.auchandirect.fr/rayon.productgridorlist.productlist_1.thumbnailproduct_0.addproducttoshoppinglist/96409?t:ac=445712">Ajouter à ma liste</a></div><div class="infos-produit-1"><div class="prix-actuel"><span>2.19€</span></div></div><div class="infos-produit-2"><a title="Voir le produit" href="http://www.refonte.auchandirect.fr/boissons/produits-salés-apéritifs/chips-légèrement-salées/id1/445712/96409"><h2>TYRRELL'S</h2><h4>Chips légèrement salées</h4><h4></h4><p>
150 g
<br/>
14.60€/kg
</p></a></div><div class="mini_picto_bas"></div></div></div></td><td><!-- PL : ici --><div class="bloc-produit "><div class="bloc-produit-content"><a title="Voir le produit" href="http://www.refonte.auchandirect.fr/boissons/produits-salés-apéritifs/fines-tranches-de-pommes-cuites-et-dorées-au-four/id1/445712/2317"><img src="http://www.refonte.auchandirect.fr/static/images/products/line/2317.jpg" alt="" class="produit "/></a><div class="picto"><span class="invisible"></span></div><div class="boutons-produit"><a id="addProductToBasket_115" onclick="javascript:Tapestry.waitForPage(event);" title="Ajouter au panier" class="bt-produit-ajout-panier" href="http://www.refonte.auchandirect.fr/rayon.productgridorlist.productlist_1.thumbnailproduct_0.addproducttobasket/2317?t:ac=445712">Ajouter au panier</a><a id="addProductToShoppingList_156" onclick="javascript:Tapestry.waitForPage(event);" title="Ajouter à ma liste" class="bt-produit-ajout-liste" href="http://www.refonte.auchandirect.fr/rayon.productgridorlist.productlist_1.thumbnailproduct_0.addproducttoshoppinglist/2317?t:ac=445712">Ajouter à ma liste</a></div><div class="infos-produit-1"><div class="prix-actuel"><span>1.16€</span></div></div><div class="infos-produit-2"><a title="Voir le produit" href="http://www.refonte.auchandirect.fr/boissons/produits-salés-apéritifs/fines-tranches-de-pommes-cuites-et-dorées-au-four/id1/445712/2317"><h2>VICO</h2><h4>Fines tranches de pommes cuites et dorées au four</h4><h4>Crousti Pom</h4><p>
50 g
<br/>
23.20€/kg
</p></a></div><div class="mini_picto_bas"><img src="http://www.refonte.auchandirect.fr/static/images/DLC-garantie-30j_small.jpg"/></div></div></div></td><td><!-- PL : ici --><div class="bloc-produit "><div class="bloc-produit-content"><a title="Voir le produit" href="http://www.refonte.auchandirect.fr/boissons/produits-salés-apéritifs/chips-vinaigre-et-échalote/id1/445712/58377"><img src="http://www.refonte.auchandirect.fr/static/images/products/line/58377.jpg" alt="" class="produit "/></a><div class="picto"><span class="invisible"></span></div><div class="boutons-produit"><a id="addProductToBasket_116" onclick="javascript:Tapestry.waitForPage(event);" title="Ajouter au panier" class="bt-produit-ajout-panier" href="http://www.refonte.auchandirect.fr/rayon.productgridorlist.productlist_1.thumbnailproduct_0.addproducttobasket/58377?t:ac=445712">Ajouter au panier</a><a id="addProductToShoppingList_157" onclick="javascript:Tapestry.waitForPage(event);" title="Ajouter à ma liste" class="bt-produit-ajout-liste" href="http://www.refonte.auchandirect.fr/rayon.productgridorlist.productlist_1.thumbnailproduct_0.addproducttoshoppinglist/58377?t:ac=445712">Ajouter à ma liste</a></div><div class="infos-produit-1"><div class="prix-actuel"><span>1.64€</span></div></div><div class="infos-produit-2"><a title="Voir le produit" href="http://www.refonte.auchandirect.fr/boissons/produits-salés-apéritifs/chips-vinaigre-et-échalote/id1/445712/58377"><h2>VICO</h2><h4>Chips vinaigre et échalote</h4><h4>A l'ancienne</h4><p>
125 g
<br/>
13.12€/kg
</p></a></div><div class="mini_picto_bas"><img src="http://www.refonte.auchandirect.fr/static/images/DLC-garantie-30j_small.jpg"/></div></div></div></td></tr><tr><td><!-- PL : ici --><div class="bloc-produit "><div class="bloc-produit-content"><a title="Voir le produit" href="http://www.refonte.auchandirect.fr/boissons/produits-salés-apéritifs/chips-légères-finement-salées/id1/445712/42138"><img src="http://www.refonte.auchandirect.fr/static/images/products/line/42138.jpg" alt="" class="produit "/></a><div class="picto"><span class="invisible"></span></div><div class="boutons-produit"><a id="addProductToBasket_117" onclick="javascript:Tapestry.waitForPage(event);" title="Ajouter au panier" class="bt-produit-ajout-panier" href="http://www.refonte.auchandirect.fr/rayon.productgridorlist.productlist_1.thumbnailproduct_0.addproducttobasket/42138?t:ac=445712">Ajouter au panier</a><a id="addProductToShoppingList_158" onclick="javascript:Tapestry.waitForPage(event);" title="Ajouter à ma liste" class="bt-produit-ajout-liste" href="http://www.refonte.auchandirect.fr/rayon.productgridorlist.productlist_1.thumbnailproduct_0.addproducttoshoppinglist/42138?t:ac=445712">Ajouter à ma liste</a></div><div class="infos-produit-1"><div class="prix-actuel"><span>1.55€</span></div></div><div class="infos-produit-2"><a title="Voir le produit" href="http://www.refonte.auchandirect.fr/boissons/produits-salés-apéritifs/chips-légères-finement-salées/id1/445712/42138"><h2>VICO</h2><h4>Chips légères finement salées</h4><h4></h4><p>
120 g
<br/>
12.92€/kg
</p></a></div><div class="mini_picto_bas"><img src="http://www.refonte.auchandirect.fr/static/images/DLC-garantie-30j_small.jpg"/></div></div></div></td><td><!-- PL : ici --><div class="bloc-produit  bientot-dispo"><div class="bloc-produit-content"><a title="Voir le produit" href="http://www.refonte.auchandirect.fr/boissons/produits-salés-apéritifs/sachets-de-chips-finement-salées/id1/445712/57988"><img src="http://www.refonte.auchandirect.fr/static/images/products/line/57988.jpg" alt="" class="produit "/></a><div class="picto"><span class="invisible"></span></div><div class="boutons-produit"><a class="bt-produit-ajout-panier disable" title="Bientôt disponible" href="javascript:void(0)">Bientôt disponible</a><a id="addProductToShoppingList_159" onclick="javascript:Tapestry.waitForPage(event);" title="Ajouter à ma liste" class="bt-produit-ajout-liste" href="http://www.refonte.auchandirect.fr/rayon.productgridorlist.productlist_1.thumbnailproduct_0.addproducttoshoppinglist/57988?t:ac=445712">Ajouter à ma liste</a></div><div class="infos-produit-1"><div class="prix-actuel"><span>2.29€</span></div></div><div class="infos-produit-2"><a title="Voir le produit" href="http://www.refonte.auchandirect.fr/boissons/produits-salés-apéritifs/sachets-de-chips-finement-salées/id1/445712/57988"><h2>VICO</h2><h4>Sachets de chips finement salées</h4><h4>A l'ancienne</h4><p>
6 x 25 g
<br/>
15.27€/kg
</p></a></div><div class="mini_picto_bas"><img src="http://www.refonte.auchandirect.fr/static/images/DLC-garantie-30j_small.jpg"/></div></div></div></td><td><!-- PL : ici --><div class="bloc-produit "><div class="bloc-produit-content"><a title="Voir le produit" href="http://www.refonte.auchandirect.fr/boissons/produits-salés-apéritifs/chips-de-pomme-de-terre/id1/445712/70705"><img src="http://www.refonte.auchandirect.fr/static/images/products/line/70705.jpg" alt="" class="produit "/></a><div class="picto"><span class="invisible"></span></div><div class="boutons-produit"><a id="addProductToBasket_118" onclick="javascript:Tapestry.waitForPage(event);" title="Ajouter au panier" class="bt-produit-ajout-panier" href="http://www.refonte.auchandirect.fr/rayon.productgridorlist.productlist_1.thumbnailproduct_0.addproducttobasket/70705?t:ac=445712">Ajouter au panier</a><a id="addProductToShoppingList_160" onclick="javascript:Tapestry.waitForPage(event);" title="Ajouter à ma liste" class="bt-produit-ajout-liste" href="http://www.refonte.auchandirect.fr/rayon.productgridorlist.productlist_1.thumbnailproduct_0.addproducttoshoppinglist/70705?t:ac=445712">Ajouter à ma liste</a></div><div class="infos-produit-1"><div class="prix-actuel"><span>1.29€</span></div></div><div class="infos-produit-2"><a title="Voir le produit" href="http://www.refonte.auchandirect.fr/boissons/produits-salés-apéritifs/chips-de-pomme-de-terre/id1/445712/70705"><h2>VICO</h2><h4>Chips de pomme de terre</h4><h4>Crousti sel</h4><p>
125 g
<br/>
10.32€/kg
</p></a></div><div class="mini_picto_bas"></div></div></div></td></tr><tr><td><!-- PL : ici --><div class="bloc-produit "><div class="bloc-produit-content"><a title="Voir le produit" href="http://www.refonte.auchandirect.fr/boissons/produits-salés-apéritifs/biscuits-épicés-à-base-de-riz/id1/445712/61150"><img src="http://www.refonte.auchandirect.fr/static/images/products/line/61150.jpg" alt="" class="produit "/></a><div class="picto"><span class="invisible"></span></div><div class="boutons-produit"><a id="addProductToBasket_119" onclick="javascript:Tapestry.waitForPage(event);" title="Ajouter au panier" class="bt-produit-ajout-panier" href="http://www.refonte.auchandirect.fr/rayon.productgridorlist.productlist_1.thumbnailproduct_0.addproducttobasket/61150?t:ac=445712">Ajouter au panier</a><a id="addProductToShoppingList_161" onclick="javascript:Tapestry.waitForPage(event);" title="Ajouter à ma liste" class="bt-produit-ajout-liste" href="http://www.refonte.auchandirect.fr/rayon.productgridorlist.productlist_1.thumbnailproduct_0.addproducttoshoppinglist/61150?t:ac=445712">Ajouter à ma liste</a></div><div class="infos-produit-1"><div class="prix-actuel"><span>1.49€</span></div></div><div class="infos-produit-2"><a title="Voir le produit" href="http://www.refonte.auchandirect.fr/boissons/produits-salés-apéritifs/biscuits-épicés-à-base-de-riz/id1/445712/61150"><h2>VICO</h2><h4>Biscuits épicés à base de riz</h4><h4></h4><p>
125 g
<br/>
11.92€/kg
</p></a></div><div class="mini_picto_bas"><img src="http://www.refonte.auchandirect.fr/static/images/DLC-garantie-30j_small.jpg"/></div></div></div></td><td></td><td></td></tr></table></div></div></div><!-- t:zone t:id="productListZone" t:update="show">
							<t:if test="specificCategory">
								<div id="${productListDivId}" class="liste clear-container">
									<bean t:type="products/lists/productList" categoryId="categoryId" products="products" listType="displayType" specifCategory="true" />
								</div>
							<p:else>
								<div id="${productListDivId}" class="liste clear-container">
									<bean t:type="products/lists/productList" categoryId="categoryId" products="products" listType="displayType" />
								</div>
							</p:else>
							</t:if>
						</t:zone --><!-- Bannière bas --><div class="zone-admin diff-zone"></div><!--  --><div class="clear-container" id="liste-produits-infos"><p>
Si vous avez des suggestions de produits,
<a id="suggestionPopup" onclick="javascript:Tapestry.waitForPage(event);" class="orange-link" shape="rect" href="http://www.refonte.auchandirect.fr/rayon.suggestionpopup?t:ac=445712">dites-le nous !</a><span class="backtotop"><a shape="rect" href="445712.html#top">Retour en haut de page</a></span></p></div></div><div style="position: relative" class="right-content"><div style="position: relative" id="wrapper_for_fixed_content"><!-- <div id="wrapper_for_fixed_content" xmlns:t="http://tapestry.apache.org/schema/tapestry_5_1_0.xsd" xmlns:p="tapestry:parameter"> --><div id="tout-en-un-client"><div class="item first" id="tout-en-un-compte"><h3>Mon Compte</h3><p><a id="eventlink" onclick="javascript:Tapestry.waitForPage(event);" href="http://www.refonte.auchandirect.fr/rayon.customerinfos:showsigninpopup?t:ac=445712">Identifiez-vous</a><a> - </a><a id="registerPopup" onclick="javascript:Tapestry.waitForPage(event);" href="http://www.refonte.auchandirect.fr/rayon.customerinfos.registerpopup?t:ac=445712">Inscrivez-vous</a></p></div><div class="item" id="tout-en-un-commandes"><h3>Mes commandes</h3><p><a id="popupAuth" onclick="javascript:Tapestry.waitForPage(event);" href="http://www.refonte.auchandirect.fr/rayon.customerinfos.popupauth?t:ac=445712">Consultez vos commandes en cours et passées</a></p></div><div class="item" id="tout-en-un-livraison"><h3>
Ma livraison
</h3><p class="t-zone" id="slotInfoZone"><a id="showSlotTab" onclick="javascript:Tapestry.waitForPage(event);" href="http://www.refonte.auchandirect.fr/rayon.customerinfos.slotinfo.showslottab?t:ac=445712"><span class="item-texte">
Prochaine livraison possible
</span><span class="item-date">mardi 15/01 entre 08h00 et 10h00</span></a></p></div><div class="t-zone" id="accountSummaryTabContentZone"><div id="onglets"><ul class="menu menu-horizontal tabs float-container"><li><a id="basket" onclick="javascript:Tapestry.waitForPage(event);" title="Mon panier" class="onglet-panier current" href="http://www.refonte.auchandirect.fr/rayon.customerinfos.basket?t:ac=445712"><span class="invisible">Mon panier</span></a></li><li><a id="lists" onclick="javascript:Tapestry.waitForPage(event);" title="Mes listes" class="onglet-listes " href="http://www.refonte.auchandirect.fr/rayon.customerinfos.lists?t:ac=445712"><span class="invisible">Mes listes</span></a></li><li><a id="topBasket" onclick="javascript:Tapestry.waitForPage(event);" title="Lancer mon top panier" class="onglet-top-panier " href="http://www.refonte.auchandirect.fr/rayon.customerinfos.topbasket?t:ac=445712"><span class="invisible">[[missing key: customerInfos.top]]</span></a></li></ul><div class="panes"><div class="item" id="panel-panier"><div class="t-zone" id="completeMiniBasketZone"><div class="t-zone" id="miniBasket"><p>Votre panier est vide</p><ul class="menu menu-horizontal"><li><a title="Voir le détails de votre panier" class="panier-bt-voir" href="../../../monpanier.html"></a></li></ul></div><div class="bouton-right-container"><div class="container-bouton-type1"><a id="validateBasket" onclick="javascript:Tapestry.waitForPage(event);" class="bouton-type1" href="http://www.refonte.auchandirect.fr/rayon.customerinfos.minibasket.validatebasket?t:ac=445712">
Valider mon panier
</a></div></div><div class="clear"></div></div></div></div></div></div></div><!-- </div> --><!-- <bean t:type="misc/commitment/expandedCommitment" /> --></div></div></div></div><!-- div class="float-container" id="footer-menu-annexe" xmlns:t="http://tapestry.apache.org/schema/tapestry_5_1_0.xsd">
	<ul class="menu menu-horizontal">
		<li>
			<t:pagelink t:page="apropos/engagement">
				<t:outputraw value="message:link.engagement.lbl" />
			</t:pagelink>
		</li>
		<li>
			<t:pagelink t:page="apropos/contact">
				<t:outputraw value="message:link.contact.lbl" />
			</t:pagelink>
		</li>
		<li>
			<t:pagelink t:page="apropos/faq">
				<t:outputraw value="message:link.faq.lbl" />
			</t:pagelink>
		</li>
		<li>
			<t:pagelink t:page="apropos/cgv">
				<t:outputraw value="message:link.cgv.lbl" />
			</t:pagelink>
		</li>
		<li>
			<t:pagelink t:page="apropos/operations">
				<t:outputraw value="message:link.operations.lbl" />
			</t:pagelink>
		</li>
		<li>
			<t:pagelink t:page="apropos/legal">
				<t:outputraw value="message:link.legal.lbl" />
			</t:pagelink>
		</li>
	</ul>
</div --><div id="footer-menu-annexe" class="float-container">
<ul class="menu menu-horizontal">
	<li><a href="http://www.refonte.auchandirect.fr/apropos/engagement">Engagements</a></li>
	<li><a href="http://www.refonte.auchandirect.fr/apropos/contact">Contactez-nous</a></li>
	<li><a href="http://www.refonte.auchandirect.fr/apropos/faq">FAQ</a></li>
	<li><a href="http://www.refonte.auchandirect.fr/apropos/cgv">Conditions g&eacute;n&eacute;rales de vente</a></li>
	<li><a href="http://www.refonte.auchandirect.fr/apropos/operations">Op&eacute;rations commerciales</a></li>
	<li><a href="http://www.refonte.auchandirect.fr/apropos/legal">Mentions l&eacute;gales</a></li>
	<li><a href="../../../actus.html">Actualit&eacute;s</a> </li>
</ul>
</div>
<!-- div class="float-container" id="footer-infos" xmlns:t="http://tapestry.apache.org/schema/tapestry_5_1_0.xsd">
	<div id="info-facebook">
		<a href="http://www.facebook.com/Auchandirect.fr" target="_blank">
			<img width="26" height="26" alt="${message:facebook.img.alt}" src="/static/images/icone-facebook.png" />
		</a>
		<a href="http://www.facebook.com/Auchandirect.fr" target="_blank">	
			<span><t:outputraw value="message:facebook.fan.lbl" /></span>
		</a>
	</div>
	<div id="infos-contact">
		<div id="infos-contact-titre">
			<t:outputraw value="message:info.contact.lbl" />
		</div>
		<div id="infos-contact-tel">
			<t:outputraw value="message:info.phone.lbl" />
		</div>
		<div id="infos-contact-mail">
			<t:outputraw value="message:info.mail.lbl" />
		</div>
		<div id="eco-responsable">
			<img src="/static/images/picto-carton.png" width="142" height="126" alt="${message:eco.resp.alt}" />
		</div>
	</div>
</div --><div id="footer-infos" class="float-container">
<div id="info-facebook">
<a href="http://www.facebook.com/Auchandirect.fr" target="_blank"><img src="http://www.refonte.auchandirect.fr/static/images/icone-facebook.png" alt="auchandirect sur facebook" width="26" height="26" /></a><a href="http://www.facebook.com/Auchandirect.fr" target="_blank"><span>Devenez fan !</span></a>
</div>
<div id="infos-contact">
<div id="infos-contact-titre">
Contactez votre service client :
</div>
<div id="infos-contact-tel">
<strong>Par t&eacute;l&eacute;phone : 01 56 30 91 00 </strong>Du lundi au vendredi de 8H &agrave; 22H et le samedi de 9H &agrave; 18H (Appel non surtax&eacute;)
</div>
<div id="infos-contact-mail">
<strong>Par email : <a href="mailto:client@auchandirect.fr">client@auchandirect.fr</a></strong>
</div>
<div id="eco-responsable">
<img src="http://www.refonte.auchandirect.fr/static/images/picto-carton.png" alt="eco-responsable" width="142" height="126" />
</div>
</div>
</div>
</div><div class="t-zone" id="popupZone"></div><div class="t-zone" id="secondPopupZone"></div><div class="t-zone" id="closePopupZone"></div><a style="display:none;" id="showPopupLink" href="445712.html#popupContent" class="fancylink"></a><div style="display:none"><div class="t-zone" id="forceAjax"></div></div><script type="text/javascript">
var gaJsHost = (("https:" == document.location.protocol) ? "https://ssl." : "http://www.");
document.write(unescape("%3Cscript src='" + gaJsHost + "google-analytics.com/ga.js' type='text/javascript'%3E%3C/script%3E"));
</script><script type="text/javascript">
var pageTracker = _gat._getTracker("UA-3062526-1");
pageTracker._initData();
pageTracker._trackPageview();
pageTracker._trackPageLoadTime();
</script><script type="text/javascript">Tapestry.onDOMLoaded(function() {
Tapestry.init({"popup":[[]],"zone":[{"update":"show","element":"headerListZone"},{"update":"show","element":"productDisplayTypeZone"},{"update":"show","element":"labelZone"},{"update":"show","element":"moreProductListZone"},{"update":"show","element":"productListZone"},{"update":"show","element":"slotInfoZone"},{"update":"show","element":"accountSummaryTabContentZone"},{"update":"show","element":"completeMiniBasketZone"},{"update":"show","element":"miniBasket"},{"update":"show","element":"popupZone"},{"update":"show","element":"secondPopupZone"},{"update":"show","element":"closePopupZone"},"forceAjax"],"linkZone":[["newsLetterPopup","forceAjax","/rayon.pagetemplate.header.headertop.newsletterpopup?t:ac=445712"],["sortForm","productListZone","/rayon.productgridorlist.sortform"],["list","productListZone","/rayon.productgridorlist.list?t:ac=445712"],["thumbnail","productListZone","/rayon.productgridorlist.thumbnail?t:ac=445712"],["viewSubCat","labelZone","/rayon.productgridorlist.viewsubcat/445713?t:ac=445712"],["viewSubCat_0","labelZone","/rayon.productgridorlist.viewsubcat/445714?t:ac=445712"],["viewSubCat_1","labelZone","/rayon.productgridorlist.viewsubcat/445715?t:ac=445712"],["viewSubCat_2","labelZone","/rayon.productgridorlist.viewsubcat/445716?t:ac=445712"],["filterPromos","productListZone","/rayon.productgridorlist.filterpromos?t:ac=445712"],["filterAuchan","productListZone","/rayon.productgridorlist.filterauchan?t:ac=445712"],["viewAllBrands","labelZone","/rayon.productgridorlist.viewallbrands?t:ac=445712"],["addProductToBasket","forceAjax","/rayon.productgridorlist.productlist_1.thumbnailproduct_0.addproducttobasket/48401?t:ac=445712"],["addProductToShoppingList","forceAjax","/rayon.productgridorlist.productlist_1.thumbnailproduct_0.addproducttoshoppinglist/48401?t:ac=445712"],["addProductToBasket_0","forceAjax","/rayon.productgridorlist.productlist_1.thumbnailproduct_0.addproducttobasket/48403?t:ac=445712"],["addProductToShoppingList_0","forceAjax","/rayon.productgridorlist.productlist_1.thumbnailproduct_0.addproducttoshoppinglist/48403?t:ac=445712"],["addProductToBasket_1","forceAjax","/rayon.productgridorlist.productlist_1.thumbnailproduct_0.addproducttobasket/49931?t:ac=445712"],["addProductToShoppingList_1","forceAjax","/rayon.productgridorlist.productlist_1.thumbnailproduct_0.addproducttoshoppinglist/49931?t:ac=445712"],["addProductToShoppingList_2","forceAjax","/rayon.productgridorlist.productlist_1.thumbnailproduct_0.addproducttoshoppinglist/48406?t:ac=445712"],["addProductToBasket_2","forceAjax","/rayon.productgridorlist.productlist_1.thumbnailproduct_0.addproducttobasket/100350?t:ac=445712"],["addProductToShoppingList_3","forceAjax","/rayon.productgridorlist.productlist_1.thumbnailproduct_0.addproducttoshoppinglist/100350?t:ac=445712"],["addProductToBasket_3","forceAjax","/rayon.productgridorlist.productlist_1.thumbnailproduct_0.addproducttobasket/101085?t:ac=445712"],["addProductToShoppingList_4","forceAjax","/rayon.productgridorlist.productlist_1.thumbnailproduct_0.addproducttoshoppinglist/101085?t:ac=445712"],["addProductToBasket_4","forceAjax","/rayon.productgridorlist.productlist_1.thumbnailproduct_0.addproducttobasket/3699?t:ac=445712"],["addProductToShoppingList_5","forceAjax","/rayon.productgridorlist.productlist_1.thumbnailproduct_0.addproducttoshoppinglist/3699?t:ac=445712"],["addProductToBasket_5","forceAjax","/rayon.productgridorlist.productlist_1.thumbnailproduct_0.addproducttobasket/3700?t:ac=445712"],["addProductToShoppingList_6","forceAjax","/rayon.productgridorlist.productlist_1.thumbnailproduct_0.addproducttoshoppinglist/3700?t:ac=445712"],["addProductToBasket_6","forceAjax","/rayon.productgridorlist.productlist_1.thumbnailproduct_0.addproducttobasket/55352?t:ac=445712"],["addProductToShoppingList_7","forceAjax","/rayon.productgridorlist.productlist_1.thumbnailproduct_0.addproducttoshoppinglist/55352?t:ac=445712"],["addProductToBasket_7","forceAjax","/rayon.productgridorlist.productlist_1.thumbnailproduct_0.addproducttobasket/38337?t:ac=445712"],["addProductToShoppingList_8","forceAjax","/rayon.productgridorlist.productlist_1.thumbnailproduct_0.addproducttoshoppinglist/38337?t:ac=445712"],["addProductToBasket_8","forceAjax","/rayon.productgridorlist.productlist_1.thumbnailproduct_0.addproducttobasket/38649?t:ac=445712"],["addProductToShoppingList_9","forceAjax","/rayon.productgridorlist.productlist_1.thumbnailproduct_0.addproducttoshoppinglist/38649?t:ac=445712"],["addProductToBasket_9","forceAjax","/rayon.productgridorlist.productlist_1.thumbnailproduct_0.addproducttobasket/59794?t:ac=445712"],["addProductToShoppingList_10","forceAjax","/rayon.productgridorlist.productlist_1.thumbnailproduct_0.addproducttoshoppinglist/59794?t:ac=445712"],["addProductToShoppingList_11","forceAjax","/rayon.productgridorlist.productlist_1.thumbnailproduct_0.addproducttoshoppinglist/7666?t:ac=445712"],["addProductToBasket_10","forceAjax","/rayon.productgridorlist.productlist_1.thumbnailproduct_0.addproducttobasket/60828?t:ac=445712"],["addProductToShoppingList_12","forceAjax","/rayon.productgridorlist.productlist_1.thumbnailproduct_0.addproducttoshoppinglist/60828?t:ac=445712"],["addProductToBasket_11","forceAjax","/rayon.productgridorlist.productlist_1.thumbnailproduct_0.addproducttobasket/76549?t:ac=445712"],["addProductToShoppingList_13","forceAjax","/rayon.productgridorlist.productlist_1.thumbnailproduct_0.addproducttoshoppinglist/76549?t:ac=445712"],["addProductToBasket_12","forceAjax","/rayon.productgridorlist.productlist_1.thumbnailproduct_0.addproducttobasket/73181?t:ac=445712"],["addProductToShoppingList_14","forceAjax","/rayon.productgridorlist.productlist_1.thumbnailproduct_0.addproducttoshoppinglist/73181?t:ac=445712"],["addProductToBasket_13","forceAjax","/rayon.productgridorlist.productlist_1.thumbnailproduct_0.addproducttobasket/1535?t:ac=445712"],["addProductToShoppingList_15","forceAjax","/rayon.productgridorlist.productlist_1.thumbnailproduct_0.addproducttoshoppinglist/1535?t:ac=445712"],["addProductToBasket_14","forceAjax","/rayon.productgridorlist.productlist_1.thumbnailproduct_0.addproducttobasket/2109?t:ac=445712"],["addProductToShoppingList_16","forceAjax","/rayon.productgridorlist.productlist_1.thumbnailproduct_0.addproducttoshoppinglist/2109?t:ac=445712"],["addProductToShoppingList_17","forceAjax","/rayon.productgridorlist.productlist_1.thumbnailproduct_0.addproducttoshoppinglist/2542?t:ac=445712"],["addProductToShoppingList_18","forceAjax","/rayon.productgridorlist.productlist_1.thumbnailproduct_0.addproducttoshoppinglist/25316?t:ac=445712"],["addProductToBasket_15","forceAjax","/rayon.productgridorlist.productlist_1.thumbnailproduct_0.addproducttobasket/73235?t:ac=445712"],["addProductToShoppingList_19","forceAjax","/rayon.productgridorlist.productlist_1.thumbnailproduct_0.addproducttoshoppinglist/73235?t:ac=445712"],["addProductToBasket_16","forceAjax","/rayon.productgridorlist.productlist_1.thumbnailproduct_0.addproducttobasket/50275?t:ac=445712"],["addProductToShoppingList_20","forceAjax","/rayon.productgridorlist.productlist_1.thumbnailproduct_0.addproducttoshoppinglist/50275?t:ac=445712"],["addProductToBasket_17","forceAjax","/rayon.productgridorlist.productlist_1.thumbnailproduct_0.addproducttobasket/50299?t:ac=445712"],["addProductToShoppingList_21","forceAjax","/rayon.productgridorlist.productlist_1.thumbnailproduct_0.addproducttoshoppinglist/50299?t:ac=445712"],["addProductToBasket_18","forceAjax","/rayon.productgridorlist.productlist_1.thumbnailproduct_0.addproducttobasket/52266?t:ac=445712"],["addProductToShoppingList_22","forceAjax","/rayon.productgridorlist.productlist_1.thumbnailproduct_0.addproducttoshoppinglist/52266?t:ac=445712"],["addProductToBasket_19","forceAjax","/rayon.productgridorlist.productlist_1.thumbnailproduct_0.addproducttobasket/5351?t:ac=445712"],["addProductToShoppingList_23","forceAjax","/rayon.productgridorlist.productlist_1.thumbnailproduct_0.addproducttoshoppinglist/5351?t:ac=445712"],["addProductToBasket_20","forceAjax","/rayon.productgridorlist.productlist_1.thumbnailproduct_0.addproducttobasket/37699?t:ac=445712"],["addProductToShoppingList_24","forceAjax","/rayon.productgridorlist.productlist_1.thumbnailproduct_0.addproducttoshoppinglist/37699?t:ac=445712"],["addProductToBasket_21","forceAjax","/rayon.productgridorlist.productlist_1.thumbnailproduct_0.addproducttobasket/60782?t:ac=445712"],["addProductToShoppingList_25","forceAjax","/rayon.productgridorlist.productlist_1.thumbnailproduct_0.addproducttoshoppinglist/60782?t:ac=445712"],["addProductToBasket_22","forceAjax","/rayon.productgridorlist.productlist_1.thumbnailproduct_0.addproducttobasket/72860?t:ac=445712"],["addProductToShoppingList_26","forceAjax","/rayon.productgridorlist.productlist_1.thumbnailproduct_0.addproducttoshoppinglist/72860?t:ac=445712"],["addProductToBasket_23","forceAjax","/rayon.productgridorlist.productlist_1.thumbnailproduct_0.addproducttobasket/50166?t:ac=445712"],["addProductToShoppingList_27","forceAjax","/rayon.productgridorlist.productlist_1.thumbnailproduct_0.addproducttoshoppinglist/50166?t:ac=445712"],["addProductToBasket_24","forceAjax","/rayon.productgridorlist.productlist_1.thumbnailproduct_0.addproducttobasket/1199?t:ac=445712"],["addProductToShoppingList_28","forceAjax","/rayon.productgridorlist.productlist_1.thumbnailproduct_0.addproducttoshoppinglist/1199?t:ac=445712"],["addProductToBasket_25","forceAjax","/rayon.productgridorlist.productlist_1.thumbnailproduct_0.addproducttobasket/50165?t:ac=445712"],["addProductToShoppingList_29","forceAjax","/rayon.productgridorlist.productlist_1.thumbnailproduct_0.addproducttoshoppinglist/50165?t:ac=445712"],["addProductToBasket_26","forceAjax","/rayon.productgridorlist.productlist_1.thumbnailproduct_0.addproducttobasket/1547?t:ac=445712"],["addProductToShoppingList_30","forceAjax","/rayon.productgridorlist.productlist_1.thumbnailproduct_0.addproducttoshoppinglist/1547?t:ac=445712"],["addProductToBasket_27","forceAjax","/rayon.productgridorlist.productlist_1.thumbnailproduct_0.addproducttobasket/77175?t:ac=445712"],["addProductToShoppingList_31","forceAjax","/rayon.productgridorlist.productlist_1.thumbnailproduct_0.addproducttoshoppinglist/77175?t:ac=445712"],["addProductToBasket_28","forceAjax","/rayon.productgridorlist.productlist_1.thumbnailproduct_0.addproducttobasket/42326?t:ac=445712"],["addProductToShoppingList_32","forceAjax","/rayon.productgridorlist.productlist_1.thumbnailproduct_0.addproducttoshoppinglist/42326?t:ac=445712"],["addProductToBasket_29","forceAjax","/rayon.productgridorlist.productlist_1.thumbnailproduct_0.addproducttobasket/1202?t:ac=445712"],["addProductToShoppingList_33","forceAjax","/rayon.productgridorlist.productlist_1.thumbnailproduct_0.addproducttoshoppinglist/1202?t:ac=445712"],["addProductToBasket_30","forceAjax","/rayon.productgridorlist.productlist_1.thumbnailproduct_0.addproducttobasket/55696?t:ac=445712"],["addProductToShoppingList_34","forceAjax","/rayon.productgridorlist.productlist_1.thumbnailproduct_0.addproducttoshoppinglist/55696?t:ac=445712"],["addProductToBasket_31","forceAjax","/rayon.productgridorlist.productlist_1.thumbnailproduct_0.addproducttobasket/56200?t:ac=445712"],["addProductToShoppingList_35","forceAjax","/rayon.productgridorlist.productlist_1.thumbnailproduct_0.addproducttoshoppinglist/56200?t:ac=445712"],["addProductToShoppingList_36","forceAjax","/rayon.productgridorlist.productlist_1.thumbnailproduct_0.addproducttoshoppinglist/61144?t:ac=445712"],["addProductToBasket_32","forceAjax","/rayon.productgridorlist.productlist_1.thumbnailproduct_0.addproducttobasket/61148?t:ac=445712"],["addProductToShoppingList_37","forceAjax","/rayon.productgridorlist.productlist_1.thumbnailproduct_0.addproducttoshoppinglist/61148?t:ac=445712"],["addProductToShoppingList_38","forceAjax","/rayon.productgridorlist.productlist_1.thumbnailproduct_0.addproducttoshoppinglist/34977?t:ac=445712"],["addProductToBasket_33","forceAjax","/rayon.productgridorlist.productlist_1.thumbnailproduct_0.addproducttobasket/61146?t:ac=445712"],["addProductToShoppingList_39","forceAjax","/rayon.productgridorlist.productlist_1.thumbnailproduct_0.addproducttoshoppinglist/61146?t:ac=445712"],["addProductToBasket_34","forceAjax","/rayon.productgridorlist.productlist_1.thumbnailproduct_0.addproducttobasket/37660?t:ac=445712"],["addProductToShoppingList_40","forceAjax","/rayon.productgridorlist.productlist_1.thumbnailproduct_0.addproducttoshoppinglist/37660?t:ac=445712"],["addProductToShoppingList_41","forceAjax","/rayon.productgridorlist.productlist_1.thumbnailproduct_0.addproducttoshoppinglist/42586?t:ac=445712"],["addProductToBasket_35","forceAjax","/rayon.productgridorlist.productlist_1.thumbnailproduct_0.addproducttobasket/46200?t:ac=445712"],["addProductToShoppingList_42","forceAjax","/rayon.productgridorlist.productlist_1.thumbnailproduct_0.addproducttoshoppinglist/46200?t:ac=445712"],["addProductToBasket_36","forceAjax","/rayon.productgridorlist.productlist_1.thumbnailproduct_0.addproducttobasket/58019?t:ac=445712"],["addProductToShoppingList_43","forceAjax","/rayon.productgridorlist.productlist_1.thumbnailproduct_0.addproducttoshoppinglist/58019?t:ac=445712"],["addProductToShoppingList_44","forceAjax","/rayon.productgridorlist.productlist_1.thumbnailproduct_0.addproducttoshoppinglist/58020?t:ac=445712"],["addProductToBasket_37","forceAjax","/rayon.productgridorlist.productlist_1.thumbnailproduct_0.addproducttobasket/13714?t:ac=445712"],["addProductToShoppingList_45","forceAjax","/rayon.productgridorlist.productlist_1.thumbnailproduct_0.addproducttoshoppinglist/13714?t:ac=445712"],["addProductToBasket_38","forceAjax","/rayon.productgridorlist.productlist_1.thumbnailproduct_0.addproducttobasket/51123?t:ac=445712"],["addProductToShoppingList_46","forceAjax","/rayon.productgridorlist.productlist_1.thumbnailproduct_0.addproducttoshoppinglist/51123?t:ac=445712"],["addProductToShoppingList_47","forceAjax","/rayon.productgridorlist.productlist_1.thumbnailproduct_0.addproducttoshoppinglist/57922?t:ac=445712"],["addProductToBasket_39","forceAjax","/rayon.productgridorlist.productlist_1.thumbnailproduct_0.addproducttobasket/2797?t:ac=445712"],["addProductToShoppingList_48","forceAjax","/rayon.productgridorlist.productlist_1.thumbnailproduct_0.addproducttoshoppinglist/2797?t:ac=445712"],["addProductToBasket_40","forceAjax","/rayon.productgridorlist.productlist_1.thumbnailproduct_0.addproducttobasket/26507?t:ac=445712"],["addProductToShoppingList_49","forceAjax","/rayon.productgridorlist.productlist_1.thumbnailproduct_0.addproducttoshoppinglist/26507?t:ac=445712"],["addProductToBasket_41","forceAjax","/rayon.productgridorlist.productlist_1.thumbnailproduct_0.addproducttobasket/61267?t:ac=445712"],["addProductToShoppingList_50","forceAjax","/rayon.productgridorlist.productlist_1.thumbnailproduct_0.addproducttoshoppinglist/61267?t:ac=445712"],["addProductToBasket_42","forceAjax","/rayon.productgridorlist.productlist_1.thumbnailproduct_0.addproducttobasket/61268?t:ac=445712"],["addProductToShoppingList_51","forceAjax","/rayon.productgridorlist.productlist_1.thumbnailproduct_0.addproducttoshoppinglist/61268?t:ac=445712"],["addProductToBasket_43","forceAjax","/rayon.productgridorlist.productlist_1.thumbnailproduct_0.addproducttobasket/59983?t:ac=445712"],["addProductToShoppingList_52","forceAjax","/rayon.productgridorlist.productlist_1.thumbnailproduct_0.addproducttoshoppinglist/59983?t:ac=445712"],["addProductToBasket_44","forceAjax","/rayon.productgridorlist.productlist_1.thumbnailproduct_0.addproducttobasket/59984?t:ac=445712"],["addProductToShoppingList_53","forceAjax","/rayon.productgridorlist.productlist_1.thumbnailproduct_0.addproducttoshoppinglist/59984?t:ac=445712"],["addProductToBasket_45","forceAjax","/rayon.productgridorlist.productlist_1.thumbnailproduct_0.addproducttobasket/78464?t:ac=445712"],["addProductToShoppingList_54","forceAjax","/rayon.productgridorlist.productlist_1.thumbnailproduct_0.addproducttoshoppinglist/78464?t:ac=445712"],["addProductToBasket_46","forceAjax","/rayon.productgridorlist.productlist_1.thumbnailproduct_0.addproducttobasket/LV0000000733?t:ac=445712"],["addProductToShoppingList_55","forceAjax","/rayon.productgridorlist.productlist_1.thumbnailproduct_0.addproducttoshoppinglist/LV0000000733?t:ac=445712"],["addProductToShoppingList_56","forceAjax","/rayon.productgridorlist.productlist_1.thumbnailproduct_0.addproducttoshoppinglist/19931?t:ac=445712"],["addProductToBasket_47","forceAjax","/rayon.productgridorlist.productlist_1.thumbnailproduct_0.addproducttobasket/55783?t:ac=445712"],["addProductToShoppingList_57","forceAjax","/rayon.productgridorlist.productlist_1.thumbnailproduct_0.addproducttoshoppinglist/55783?t:ac=445712"],["addProductToBasket_48","forceAjax","/rayon.productgridorlist.productlist_1.thumbnailproduct_0.addproducttobasket/61162?t:ac=445712"],["addProductToShoppingList_58","forceAjax","/rayon.productgridorlist.productlist_1.thumbnailproduct_0.addproducttoshoppinglist/61162?t:ac=445712"],["addProductToBasket_49","forceAjax","/rayon.productgridorlist.productlist_1.thumbnailproduct_0.addproducttobasket/55784?t:ac=445712"],["addProductToShoppingList_59","forceAjax","/rayon.productgridorlist.productlist_1.thumbnailproduct_0.addproducttoshoppinglist/55784?t:ac=445712"],["addProductToShoppingList_60","forceAjax","/rayon.productgridorlist.productlist_1.thumbnailproduct_0.addproducttoshoppinglist/100065?t:ac=445712"],["addProductToBasket_50","forceAjax","/rayon.productgridorlist.productlist_1.thumbnailproduct_0.addproducttobasket/59248?t:ac=445712"],["addProductToShoppingList_61","forceAjax","/rayon.productgridorlist.productlist_1.thumbnailproduct_0.addproducttoshoppinglist/59248?t:ac=445712"],["addProductToBasket_51","forceAjax","/rayon.productgridorlist.productlist_1.thumbnailproduct_0.addproducttobasket/59246?t:ac=445712"],["addProductToShoppingList_62","forceAjax","/rayon.productgridorlist.productlist_1.thumbnailproduct_0.addproducttoshoppinglist/59246?t:ac=445712"],["addProductToShoppingList_63","forceAjax","/rayon.productgridorlist.productlist_1.thumbnailproduct_0.addproducttoshoppinglist/30886?t:ac=445712"],["addProductToBasket_52","forceAjax","/rayon.productgridorlist.productlist_1.thumbnailproduct_0.addproducttobasket/44777?t:ac=445712"],["addProductToShoppingList_64","forceAjax","/rayon.productgridorlist.productlist_1.thumbnailproduct_0.addproducttoshoppinglist/44777?t:ac=445712"],["addProductToBasket_53","forceAjax","/rayon.productgridorlist.productlist_1.thumbnailproduct_0.addproducttobasket/61582?t:ac=445712"],["addProductToShoppingList_65","forceAjax","/rayon.productgridorlist.productlist_1.thumbnailproduct_0.addproducttoshoppinglist/61582?t:ac=445712"],["addProductToShoppingList_66","forceAjax","/rayon.productgridorlist.productlist_1.thumbnailproduct_0.addproducttoshoppinglist/100182?t:ac=445712"],["addProductToShoppingList_67","forceAjax","/rayon.productgridorlist.productlist_1.thumbnailproduct_0.addproducttoshoppinglist/100274?t:ac=445712"],["addProductToShoppingList_68","forceAjax","/rayon.productgridorlist.productlist_1.thumbnailproduct_0.addproducttoshoppinglist/100337?t:ac=445712"],["addProductToBasket_54","forceAjax","/rayon.productgridorlist.productlist_1.thumbnailproduct_0.addproducttobasket/100413?t:ac=445712"],["addProductToShoppingList_69","forceAjax","/rayon.productgridorlist.productlist_1.thumbnailproduct_0.addproducttoshoppinglist/100413?t:ac=445712"],["addProductToBasket_55","forceAjax","/rayon.productgridorlist.productlist_1.thumbnailproduct_0.addproducttobasket/2470?t:ac=445712"],["addProductToShoppingList_70","forceAjax","/rayon.productgridorlist.productlist_1.thumbnailproduct_0.addproducttoshoppinglist/2470?t:ac=445712"],["addProductToShoppingList_71","forceAjax","/rayon.productgridorlist.productlist_1.thumbnailproduct_0.addproducttoshoppinglist/10597?t:ac=445712"],["addProductToBasket_56","forceAjax","/rayon.productgridorlist.productlist_1.thumbnailproduct_0.addproducttobasket/10598?t:ac=445712"],["addProductToShoppingList_72","forceAjax","/rayon.productgridorlist.productlist_1.thumbnailproduct_0.addproducttoshoppinglist/10598?t:ac=445712"],["addProductToBasket_57","forceAjax","/rayon.productgridorlist.productlist_1.thumbnailproduct_0.addproducttobasket/55203?t:ac=445712"],["addProductToShoppingList_73","forceAjax","/rayon.productgridorlist.productlist_1.thumbnailproduct_0.addproducttoshoppinglist/55203?t:ac=445712"],["addProductToBasket_58","forceAjax","/rayon.productgridorlist.productlist_1.thumbnailproduct_0.addproducttobasket/55276?t:ac=445712"],["addProductToShoppingList_74","forceAjax","/rayon.productgridorlist.productlist_1.thumbnailproduct_0.addproducttoshoppinglist/55276?t:ac=445712"],["addProductToBasket_59","forceAjax","/rayon.productgridorlist.productlist_1.thumbnailproduct_0.addproducttobasket/98044?t:ac=445712"],["addProductToShoppingList_75","forceAjax","/rayon.productgridorlist.productlist_1.thumbnailproduct_0.addproducttoshoppinglist/98044?t:ac=445712"],["addProductToShoppingList_76","forceAjax","/rayon.productgridorlist.productlist_1.thumbnailproduct_0.addproducttoshoppinglist/104272?t:ac=445712"],["addProductToBasket_60","forceAjax","/rayon.productgridorlist.productlist_1.thumbnailproduct_0.addproducttobasket/60757?t:ac=445712"],["addProductToShoppingList_77","forceAjax","/rayon.productgridorlist.productlist_1.thumbnailproduct_0.addproducttoshoppinglist/60757?t:ac=445712"],["addProductToBasket_61","forceAjax","/rayon.productgridorlist.productlist_1.thumbnailproduct_0.addproducttobasket/101001?t:ac=445712"],["addProductToShoppingList_78","forceAjax","/rayon.productgridorlist.productlist_1.thumbnailproduct_0.addproducttoshoppinglist/101001?t:ac=445712"],["addProductToBasket_62","forceAjax","/rayon.productgridorlist.productlist_1.thumbnailproduct_0.addproducttobasket/53857?t:ac=445712"],["addProductToShoppingList_79","forceAjax","/rayon.productgridorlist.productlist_1.thumbnailproduct_0.addproducttoshoppinglist/53857?t:ac=445712"],["addProductToBasket_63","forceAjax","/rayon.productgridorlist.productlist_1.thumbnailproduct_0.addproducttobasket/2282?t:ac=445712"],["addProductToShoppingList_80","forceAjax","/rayon.productgridorlist.productlist_1.thumbnailproduct_0.addproducttoshoppinglist/2282?t:ac=445712"],["addProductToBasket_64","forceAjax","/rayon.productgridorlist.productlist_1.thumbnailproduct_0.addproducttobasket/11286?t:ac=445712"],["addProductToShoppingList_81","forceAjax","/rayon.productgridorlist.productlist_1.thumbnailproduct_0.addproducttoshoppinglist/11286?t:ac=445712"],["addProductToBasket_65","forceAjax","/rayon.productgridorlist.productlist_1.thumbnailproduct_0.addproducttobasket/12270?t:ac=445712"],["addProductToShoppingList_82","forceAjax","/rayon.productgridorlist.productlist_1.thumbnailproduct_0.addproducttoshoppinglist/12270?t:ac=445712"],["addProductToShoppingList_83","forceAjax","/rayon.productgridorlist.productlist_1.thumbnailproduct_0.addproducttoshoppinglist/2283?t:ac=445712"],["addProductToBasket_66","forceAjax","/rayon.productgridorlist.productlist_1.thumbnailproduct_0.addproducttobasket/12271?t:ac=445712"],["addProductToShoppingList_84","forceAjax","/rayon.productgridorlist.productlist_1.thumbnailproduct_0.addproducttoshoppinglist/12271?t:ac=445712"],["addProductToShoppingList_85","forceAjax","/rayon.productgridorlist.productlist_1.thumbnailproduct_0.addproducttoshoppinglist/13648?t:ac=445712"],["addProductToShoppingList_86","forceAjax","/rayon.productgridorlist.productlist_1.thumbnailproduct_0.addproducttoshoppinglist/13649?t:ac=445712"],["addProductToShoppingList_87","forceAjax","/rayon.productgridorlist.productlist_1.thumbnailproduct_0.addproducttoshoppinglist/40937?t:ac=445712"],["addProductToBasket_67","forceAjax","/rayon.productgridorlist.productlist_1.thumbnailproduct_0.addproducttobasket/58905?t:ac=445712"],["addProductToShoppingList_88","forceAjax","/rayon.productgridorlist.productlist_1.thumbnailproduct_0.addproducttoshoppinglist/58905?t:ac=445712"],["addProductToBasket_68","forceAjax","/rayon.productgridorlist.productlist_1.thumbnailproduct_0.addproducttobasket/43395?t:ac=445712"],["addProductToShoppingList_89","forceAjax","/rayon.productgridorlist.productlist_1.thumbnailproduct_0.addproducttoshoppinglist/43395?t:ac=445712"],["addProductToBasket_69","forceAjax","/rayon.productgridorlist.productlist_1.thumbnailproduct_0.addproducttobasket/3820?t:ac=445712"],["addProductToShoppingList_90","forceAjax","/rayon.productgridorlist.productlist_1.thumbnailproduct_0.addproducttoshoppinglist/3820?t:ac=445712"],["addProductToShoppingList_91","forceAjax","/rayon.productgridorlist.productlist_1.thumbnailproduct_0.addproducttoshoppinglist/21031?t:ac=445712"],["addProductToBasket_70","forceAjax","/rayon.productgridorlist.productlist_1.thumbnailproduct_0.addproducttobasket/35290?t:ac=445712"],["addProductToShoppingList_92","forceAjax","/rayon.productgridorlist.productlist_1.thumbnailproduct_0.addproducttoshoppinglist/35290?t:ac=445712"],["addProductToShoppingList_93","forceAjax","/rayon.productgridorlist.productlist_1.thumbnailproduct_0.addproducttoshoppinglist/42792?t:ac=445712"],["addProductToBasket_71","forceAjax","/rayon.productgridorlist.productlist_1.thumbnailproduct_0.addproducttobasket/41719?t:ac=445712"],["addProductToShoppingList_94","forceAjax","/rayon.productgridorlist.productlist_1.thumbnailproduct_0.addproducttoshoppinglist/41719?t:ac=445712"],["addProductToBasket_72","forceAjax","/rayon.productgridorlist.productlist_1.thumbnailproduct_0.addproducttobasket/41723?t:ac=445712"],["addProductToShoppingList_95","forceAjax","/rayon.productgridorlist.productlist_1.thumbnailproduct_0.addproducttoshoppinglist/41723?t:ac=445712"],["addProductToBasket_73","forceAjax","/rayon.productgridorlist.productlist_1.thumbnailproduct_0.addproducttobasket/89024?t:ac=445712"],["addProductToShoppingList_96","forceAjax","/rayon.productgridorlist.productlist_1.thumbnailproduct_0.addproducttoshoppinglist/89024?t:ac=445712"],["addProductToShoppingList_97","forceAjax","/rayon.productgridorlist.productlist_1.thumbnailproduct_0.addproducttoshoppinglist/35003?t:ac=445712"],["addProductToBasket_74","forceAjax","/rayon.productgridorlist.productlist_1.thumbnailproduct_0.addproducttobasket/97058?t:ac=445712"],["addProductToShoppingList_98","forceAjax","/rayon.productgridorlist.productlist_1.thumbnailproduct_0.addproducttoshoppinglist/97058?t:ac=445712"],["addProductToBasket_75","forceAjax","/rayon.productgridorlist.productlist_1.thumbnailproduct_0.addproducttobasket/97861?t:ac=445712"],["addProductToShoppingList_99","forceAjax","/rayon.productgridorlist.productlist_1.thumbnailproduct_0.addproducttoshoppinglist/97861?t:ac=445712"],["addProductToBasket_76","forceAjax","/rayon.productgridorlist.productlist_1.thumbnailproduct_0.addproducttobasket/97710?t:ac=445712"],["addProductToShoppingList_100","forceAjax","/rayon.productgridorlist.productlist_1.thumbnailproduct_0.addproducttoshoppinglist/97710?t:ac=445712"],["addProductToBasket_77","forceAjax","/rayon.productgridorlist.productlist_1.thumbnailproduct_0.addproducttobasket/97959?t:ac=445712"],["addProductToShoppingList_101","forceAjax","/rayon.productgridorlist.productlist_1.thumbnailproduct_0.addproducttoshoppinglist/97959?t:ac=445712"],["addProductToBasket_78","forceAjax","/rayon.productgridorlist.productlist_1.thumbnailproduct_0.addproducttobasket/98738?t:ac=445712"],["addProductToShoppingList_102","forceAjax","/rayon.productgridorlist.productlist_1.thumbnailproduct_0.addproducttoshoppinglist/98738?t:ac=445712"],["addProductToShoppingList_103","forceAjax","/rayon.productgridorlist.productlist_1.thumbnailproduct_0.addproducttoshoppinglist/78756?t:ac=445712"],["addProductToBasket_79","forceAjax","/rayon.productgridorlist.productlist_1.thumbnailproduct_0.addproducttobasket/51406?t:ac=445712"],["addProductToShoppingList_104","forceAjax","/rayon.productgridorlist.productlist_1.thumbnailproduct_0.addproducttoshoppinglist/51406?t:ac=445712"],["addProductToBasket_80","forceAjax","/rayon.productgridorlist.productlist_1.thumbnailproduct_0.addproducttobasket/55064?t:ac=445712"],["addProductToShoppingList_105","forceAjax","/rayon.productgridorlist.productlist_1.thumbnailproduct_0.addproducttoshoppinglist/55064?t:ac=445712"],["addProductToShoppingList_106","forceAjax","/rayon.productgridorlist.productlist_1.thumbnailproduct_0.addproducttoshoppinglist/55125?t:ac=445712"],["addProductToBasket_81","forceAjax","/rayon.productgridorlist.productlist_1.thumbnailproduct_0.addproducttobasket/55127?t:ac=445712"],["addProductToShoppingList_107","forceAjax","/rayon.productgridorlist.productlist_1.thumbnailproduct_0.addproducttoshoppinglist/55127?t:ac=445712"],["addProductToBasket_82","forceAjax","/rayon.productgridorlist.productlist_1.thumbnailproduct_0.addproducttobasket/78757?t:ac=445712"],["addProductToShoppingList_108","forceAjax","/rayon.productgridorlist.productlist_1.thumbnailproduct_0.addproducttoshoppinglist/78757?t:ac=445712"],["addProductToShoppingList_109","forceAjax","/rayon.productgridorlist.productlist_1.thumbnailproduct_0.addproducttoshoppinglist/61692?t:ac=445712"],["addProductToBasket_83","forceAjax","/rayon.productgridorlist.productlist_1.thumbnailproduct_0.addproducttobasket/61503?t:ac=445712"],["addProductToShoppingList_110","forceAjax","/rayon.productgridorlist.productlist_1.thumbnailproduct_0.addproducttoshoppinglist/61503?t:ac=445712"],["addProductToBasket_84","forceAjax","/rayon.productgridorlist.productlist_1.thumbnailproduct_0.addproducttobasket/42417?t:ac=445712"],["addProductToShoppingList_111","forceAjax","/rayon.productgridorlist.productlist_1.thumbnailproduct_0.addproducttoshoppinglist/42417?t:ac=445712"],["addProductToShoppingList_112","forceAjax","/rayon.productgridorlist.productlist_1.thumbnailproduct_0.addproducttoshoppinglist/1938?t:ac=445712"],["addProductToShoppingList_113","forceAjax","/rayon.productgridorlist.productlist_1.thumbnailproduct_0.addproducttoshoppinglist/5536?t:ac=445712"],["addProductToShoppingList_114","forceAjax","/rayon.productgridorlist.productlist_1.thumbnailproduct_0.addproducttoshoppinglist/1939?t:ac=445712"],["addProductToBasket_85","forceAjax","/rayon.productgridorlist.productlist_1.thumbnailproduct_0.addproducttobasket/37626?t:ac=445712"],["addProductToShoppingList_115","forceAjax","/rayon.productgridorlist.productlist_1.thumbnailproduct_0.addproducttoshoppinglist/37626?t:ac=445712"],["addProductToBasket_86","forceAjax","/rayon.productgridorlist.productlist_1.thumbnailproduct_0.addproducttobasket/100453?t:ac=445712"],["addProductToShoppingList_116","forceAjax","/rayon.productgridorlist.productlist_1.thumbnailproduct_0.addproducttoshoppinglist/100453?t:ac=445712"],["addProductToBasket_87","forceAjax","/rayon.productgridorlist.productlist_1.thumbnailproduct_0.addproducttobasket/44323?t:ac=445712"],["addProductToShoppingList_117","forceAjax","/rayon.productgridorlist.productlist_1.thumbnailproduct_0.addproducttoshoppinglist/44323?t:ac=445712"],["addProductToShoppingList_118","forceAjax","/rayon.productgridorlist.productlist_1.thumbnailproduct_0.addproducttoshoppinglist/100110?t:ac=445712"],["addProductToBasket_88","forceAjax","/rayon.productgridorlist.productlist_1.thumbnailproduct_0.addproducttobasket/53855?t:ac=445712"],["addProductToShoppingList_119","forceAjax","/rayon.productgridorlist.productlist_1.thumbnailproduct_0.addproducttoshoppinglist/53855?t:ac=445712"],["addProductToShoppingList_120","forceAjax","/rayon.productgridorlist.productlist_1.thumbnailproduct_0.addproducttoshoppinglist/1394?t:ac=445712"],["addProductToBasket_89","forceAjax","/rayon.productgridorlist.productlist_1.thumbnailproduct_0.addproducttobasket/2135?t:ac=445712"],["addProductToShoppingList_121","forceAjax","/rayon.productgridorlist.productlist_1.thumbnailproduct_0.addproducttoshoppinglist/2135?t:ac=445712"],["addProductToBasket_90","forceAjax","/rayon.productgridorlist.productlist_1.thumbnailproduct_0.addproducttobasket/46130?t:ac=445712"],["addProductToShoppingList_122","forceAjax","/rayon.productgridorlist.productlist_1.thumbnailproduct_0.addproducttoshoppinglist/46130?t:ac=445712"],["addProductToBasket_91","forceAjax","/rayon.productgridorlist.productlist_1.thumbnailproduct_0.addproducttobasket/61149?t:ac=445712"],["addProductToShoppingList_123","forceAjax","/rayon.productgridorlist.productlist_1.thumbnailproduct_0.addproducttoshoppinglist/61149?t:ac=445712"],["addProductToBasket_92","forceAjax","/rayon.productgridorlist.productlist_1.thumbnailproduct_0.addproducttobasket/100273?t:ac=445712"],["addProductToShoppingList_124","forceAjax","/rayon.productgridorlist.productlist_1.thumbnailproduct_0.addproducttoshoppinglist/100273?t:ac=445712"],["addProductToBasket_93","forceAjax","/rayon.productgridorlist.productlist_1.thumbnailproduct_0.addproducttobasket/100880?t:ac=445712"],["addProductToShoppingList_125","forceAjax","/rayon.productgridorlist.productlist_1.thumbnailproduct_0.addproducttoshoppinglist/100880?t:ac=445712"],["addProductToShoppingList_126","forceAjax","/rayon.productgridorlist.productlist_1.thumbnailproduct_0.addproducttoshoppinglist/2164?t:ac=445712"],["addProductToBasket_94","forceAjax","/rayon.productgridorlist.productlist_1.thumbnailproduct_0.addproducttobasket/40997?t:ac=445712"],["addProductToShoppingList_127","forceAjax","/rayon.productgridorlist.productlist_1.thumbnailproduct_0.addproducttoshoppinglist/40997?t:ac=445712"],["addProductToBasket_95","forceAjax","/rayon.productgridorlist.productlist_1.thumbnailproduct_0.addproducttobasket/61145?t:ac=445712"],["addProductToShoppingList_128","forceAjax","/rayon.productgridorlist.productlist_1.thumbnailproduct_0.addproducttoshoppinglist/61145?t:ac=445712"],["addProductToShoppingList_129","forceAjax","/rayon.productgridorlist.productlist_1.thumbnailproduct_0.addproducttoshoppinglist/6315?t:ac=445712"],["addProductToBasket_96","forceAjax","/rayon.productgridorlist.productlist_1.thumbnailproduct_0.addproducttobasket/60030?t:ac=445712"],["addProductToShoppingList_130","forceAjax","/rayon.productgridorlist.productlist_1.thumbnailproduct_0.addproducttoshoppinglist/60030?t:ac=445712"],["addProductToShoppingList_131","forceAjax","/rayon.productgridorlist.productlist_1.thumbnailproduct_0.addproducttoshoppinglist/75674?t:ac=445712"],["addProductToShoppingList_132","forceAjax","/rayon.productgridorlist.productlist_1.thumbnailproduct_0.addproducttoshoppinglist/12089?t:ac=445712"],["addProductToShoppingList_133","forceAjax","/rayon.productgridorlist.productlist_1.thumbnailproduct_0.addproducttoshoppinglist/100556?t:ac=445712"],["addProductToShoppingList_134","forceAjax","/rayon.productgridorlist.productlist_1.thumbnailproduct_0.addproducttoshoppinglist/100553?t:ac=445712"],["addProductToBasket_97","forceAjax","/rayon.productgridorlist.productlist_1.thumbnailproduct_0.addproducttobasket/38552?t:ac=445712"],["addProductToShoppingList_135","forceAjax","/rayon.productgridorlist.productlist_1.thumbnailproduct_0.addproducttoshoppinglist/38552?t:ac=445712"],["addProductToBasket_98","forceAjax","/rayon.productgridorlist.productlist_1.thumbnailproduct_0.addproducttobasket/1487?t:ac=445712"],["addProductToShoppingList_136","forceAjax","/rayon.productgridorlist.productlist_1.thumbnailproduct_0.addproducttoshoppinglist/1487?t:ac=445712"],["addProductToBasket_99","forceAjax","/rayon.productgridorlist.productlist_1.thumbnailproduct_0.addproducttobasket/1636?t:ac=445712"],["addProductToShoppingList_137","forceAjax","/rayon.productgridorlist.productlist_1.thumbnailproduct_0.addproducttoshoppinglist/1636?t:ac=445712"],["addProductToShoppingList_138","forceAjax","/rayon.productgridorlist.productlist_1.thumbnailproduct_0.addproducttoshoppinglist/44712?t:ac=445712"],["addProductToBasket_100","forceAjax","/rayon.productgridorlist.productlist_1.thumbnailproduct_0.addproducttobasket/57530?t:ac=445712"],["addProductToShoppingList_139","forceAjax","/rayon.productgridorlist.productlist_1.thumbnailproduct_0.addproducttoshoppinglist/57530?t:ac=445712"],["addProductToBasket_101","forceAjax","/rayon.productgridorlist.productlist_1.thumbnailproduct_0.addproducttobasket/60832?t:ac=445712"],["addProductToShoppingList_140","forceAjax","/rayon.productgridorlist.productlist_1.thumbnailproduct_0.addproducttoshoppinglist/60832?t:ac=445712"],["addProductToShoppingList_141","forceAjax","/rayon.productgridorlist.productlist_1.thumbnailproduct_0.addproducttoshoppinglist/97541?t:ac=445712"],["addProductToBasket_102","forceAjax","/rayon.productgridorlist.productlist_1.thumbnailproduct_0.addproducttobasket/97527?t:ac=445712"],["addProductToShoppingList_142","forceAjax","/rayon.productgridorlist.productlist_1.thumbnailproduct_0.addproducttoshoppinglist/97527?t:ac=445712"],["addProductToBasket_103","forceAjax","/rayon.productgridorlist.productlist_1.thumbnailproduct_0.addproducttobasket/97555?t:ac=445712"],["addProductToShoppingList_143","forceAjax","/rayon.productgridorlist.productlist_1.thumbnailproduct_0.addproducttoshoppinglist/97555?t:ac=445712"],["addProductToBasket_104","forceAjax","/rayon.productgridorlist.productlist_1.thumbnailproduct_0.addproducttobasket/95965?t:ac=445712"],["addProductToShoppingList_144","forceAjax","/rayon.productgridorlist.productlist_1.thumbnailproduct_0.addproducttoshoppinglist/95965?t:ac=445712"],["addProductToBasket_105","forceAjax","/rayon.productgridorlist.productlist_1.thumbnailproduct_0.addproducttobasket/95961?t:ac=445712"],["addProductToShoppingList_145","forceAjax","/rayon.productgridorlist.productlist_1.thumbnailproduct_0.addproducttoshoppinglist/95961?t:ac=445712"],["addProductToBasket_106","forceAjax","/rayon.productgridorlist.productlist_1.thumbnailproduct_0.addproducttobasket/97792?t:ac=445712"],["addProductToShoppingList_146","forceAjax","/rayon.productgridorlist.productlist_1.thumbnailproduct_0.addproducttoshoppinglist/97792?t:ac=445712"],["addProductToBasket_107","forceAjax","/rayon.productgridorlist.productlist_1.thumbnailproduct_0.addproducttobasket/58151?t:ac=445712"],["addProductToShoppingList_147","forceAjax","/rayon.productgridorlist.productlist_1.thumbnailproduct_0.addproducttoshoppinglist/58151?t:ac=445712"],["addProductToBasket_108","forceAjax","/rayon.productgridorlist.productlist_1.thumbnailproduct_0.addproducttobasket/58150?t:ac=445712"],["addProductToShoppingList_148","forceAjax","/rayon.productgridorlist.productlist_1.thumbnailproduct_0.addproducttoshoppinglist/58150?t:ac=445712"],["addProductToShoppingList_149","forceAjax","/rayon.productgridorlist.productlist_1.thumbnailproduct_0.addproducttoshoppinglist/2586?t:ac=445712"],["addProductToBasket_109","forceAjax","/rayon.productgridorlist.productlist_1.thumbnailproduct_0.addproducttobasket/58543?t:ac=445712"],["addProductToShoppingList_150","forceAjax","/rayon.productgridorlist.productlist_1.thumbnailproduct_0.addproducttoshoppinglist/58543?t:ac=445712"],["addProductToBasket_110","forceAjax","/rayon.productgridorlist.productlist_1.thumbnailproduct_0.addproducttobasket/1121?t:ac=445712"],["addProductToShoppingList_151","forceAjax","/rayon.productgridorlist.productlist_1.thumbnailproduct_0.addproducttoshoppinglist/1121?t:ac=445712"],["addProductToBasket_111","forceAjax","/rayon.productgridorlist.productlist_1.thumbnailproduct_0.addproducttobasket/1458?t:ac=445712"],["addProductToShoppingList_152","forceAjax","/rayon.productgridorlist.productlist_1.thumbnailproduct_0.addproducttoshoppinglist/1458?t:ac=445712"],["addProductToBasket_112","forceAjax","/rayon.productgridorlist.productlist_1.thumbnailproduct_0.addproducttobasket/96408?t:ac=445712"],["addProductToShoppingList_153","forceAjax","/rayon.productgridorlist.productlist_1.thumbnailproduct_0.addproducttoshoppinglist/96408?t:ac=445712"],["addProductToBasket_113","forceAjax","/rayon.productgridorlist.productlist_1.thumbnailproduct_0.addproducttobasket/96407?t:ac=445712"],["addProductToShoppingList_154","forceAjax","/rayon.productgridorlist.productlist_1.thumbnailproduct_0.addproducttoshoppinglist/96407?t:ac=445712"],["addProductToBasket_114","forceAjax","/rayon.productgridorlist.productlist_1.thumbnailproduct_0.addproducttobasket/96409?t:ac=445712"],["addProductToShoppingList_155","forceAjax","/rayon.productgridorlist.productlist_1.thumbnailproduct_0.addproducttoshoppinglist/96409?t:ac=445712"],["addProductToBasket_115","forceAjax","/rayon.productgridorlist.productlist_1.thumbnailproduct_0.addproducttobasket/2317?t:ac=445712"],["addProductToShoppingList_156","forceAjax","/rayon.productgridorlist.productlist_1.thumbnailproduct_0.addproducttoshoppinglist/2317?t:ac=445712"],["addProductToBasket_116","forceAjax","/rayon.productgridorlist.productlist_1.thumbnailproduct_0.addproducttobasket/58377?t:ac=445712"],["addProductToShoppingList_157","forceAjax","/rayon.productgridorlist.productlist_1.thumbnailproduct_0.addproducttoshoppinglist/58377?t:ac=445712"],["addProductToBasket_117","forceAjax","/rayon.productgridorlist.productlist_1.thumbnailproduct_0.addproducttobasket/42138?t:ac=445712"],["addProductToShoppingList_158","forceAjax","/rayon.productgridorlist.productlist_1.thumbnailproduct_0.addproducttoshoppinglist/42138?t:ac=445712"],["addProductToShoppingList_159","forceAjax","/rayon.productgridorlist.productlist_1.thumbnailproduct_0.addproducttoshoppinglist/57988?t:ac=445712"],["addProductToBasket_118","forceAjax","/rayon.productgridorlist.productlist_1.thumbnailproduct_0.addproducttobasket/70705?t:ac=445712"],["addProductToShoppingList_160","forceAjax","/rayon.productgridorlist.productlist_1.thumbnailproduct_0.addproducttoshoppinglist/70705?t:ac=445712"],["addProductToBasket_119","forceAjax","/rayon.productgridorlist.productlist_1.thumbnailproduct_0.addproducttobasket/61150?t:ac=445712"],["addProductToShoppingList_161","forceAjax","/rayon.productgridorlist.productlist_1.thumbnailproduct_0.addproducttoshoppinglist/61150?t:ac=445712"],["suggestionPopup","forceAjax","/rayon.suggestionpopup?t:ac=445712"],["eventlink","forceAjax","/rayon.customerinfos:showsigninpopup?t:ac=445712"],["registerPopup","forceAjax","/rayon.customerinfos.registerpopup?t:ac=445712"],["popupAuth","forceAjax","/rayon.customerinfos.popupauth?t:ac=445712"],["showSlotTab","forceAjax","/rayon.customerinfos.slotinfo.showslottab?t:ac=445712"],["basket","forceAjax","/rayon.customerinfos.basket?t:ac=445712"],["lists","forceAjax","/rayon.customerinfos.lists?t:ac=445712"],["topBasket","forceAjax","/rayon.customerinfos.topbasket?t:ac=445712"],["validateBasket","forceAjax","/rayon.customerinfos.minibasket.validatebasket?t:ac=445712"]]});
});
</script></body></html>