<!DOCTYPE html PUBLIC "-//W3C//DTD XHTML 1.0 Strict//EN" "http://www.w3.org/TR/xhtml1/DTD/xhtml1-strict.dtd"><html xmlns="http://www.w3.org/1999/xhtml"><head><meta content="text/html; charset=utf-8" http-equiv="content-type"></meta><title>Vente Champagnes et vins pétillants en ligne - Auchandirect.fr</title><!-- correction d'un bug de compatibilité tapestry/IE9 --><meta content="IE=EmulateIE8" http-equiv="X-UA-Compatible"></meta><meta content="Faites vos courses en ligne sur Auchandirect.fr! Champagnes et vins pétillants en livraison 24h dans les régions de Paris, Lyon, Marseille, Toulouse et Lille." name="description"></meta><meta content="index, follow" name="robots"></meta><meta content="0" http-equiv="expires"></meta><meta content="no-cache" http-equiv="pragma"></meta><meta content="no-store, no-cache, must-revalidate" http-equiv="cache-control"></meta><link type="text/css" rel="stylesheet" href="http://www.refonte.auchandirect.fr/assets/tapestry/5.1.0.5/default.css"></link><link type="text/css" rel="stylesheet" href="http://www.refonte.auchandirect.fr/assets/ctx/cb0cdd30e165aaa4/static/css/auchan_surcharge.css"></link><link type="text/css" rel="stylesheet" href="http://www.refonte.auchandirect.fr/assets/ctx/cb0cdd30e165aaa4/static/css/styles.css"></link><link type="text/css" rel="stylesheet" href="http://www.refonte.auchandirect.fr/assets/ctx/cb0cdd30e165aaa4/static/css/common.css"></link><link media="screen" href="http://www.refonte.auchandirect.fr/static/fancybox/jquery.fancybox-1.3.4.css" type="text/css" rel="stylesheet"></link><!--[if lte IE 7]><style type="text/css">div#engagements .item .item-picto, div#engagements
.item .item-texte, div#engagements-long .item .item-picto,
div#engagements-long .item .item-texte { display: inline; zoom:1; }</style><link media="all" type="text/css" href="/static/css/ie7.css" rel="stylesheet"></link><![endif]--><!--[if lte IE 8]><link media="all" type="text/css" href="/static/css/ie8.css" rel="stylesheet"></link><![endif]--><!--[if lte IE 9]><style type="text/css">
.liste-produits-menu a.active , .liste-produits-menu a:hover{
filter: none;}
</style><![endif]--><!--[if IE]><link media="all" type="text/css" href="/static/css/ie.css" rel="stylesheet"></link><![endif]--><script src="http://www.refonte.auchandirect.fr/assets/scriptaculous/5.1.0.5/prototype.js" type="text/javascript"></script><script src="http://www.refonte.auchandirect.fr/assets/scriptaculous/5.1.0.5/scriptaculous.js" type="text/javascript"></script><script src="http://www.refonte.auchandirect.fr/assets/scriptaculous/5.1.0.5/effects.js" type="text/javascript"></script><script src="http://www.refonte.auchandirect.fr/assets/tapestry/5.1.0.5/tapestry.js" type="text/javascript"></script><script src="http://www.refonte.auchandirect.fr/assets/tapestry/5.1.0.5/tapestry-messages.js" type="text/javascript"></script><script src="http://www.refonte.auchandirect.fr/assets/ctx/cb0cdd30e165aaa4/static/scripts/tapestry-patch.js" type="text/javascript"></script><script src="http://www.refonte.auchandirect.fr/assets/ctx/cb0cdd30e165aaa4/static/scripts/jquery.min.js" type="text/javascript"></script><script src="http://www.refonte.auchandirect.fr/assets/ctx/cb0cdd30e165aaa4/static/scripts/jquery.tools.min.js" type="text/javascript"></script><script src="http://www.refonte.auchandirect.fr/assets/ctx/cb0cdd30e165aaa4/static/fancybox/jquery.fancybox-1.3.4.js" type="text/javascript"></script><script src="http://www.refonte.auchandirect.fr/assets/ctx/cb0cdd30e165aaa4/static/scripts/cacom-custom-lib.js" type="text/javascript"></script><script src="http://www.refonte.auchandirect.fr/assets/ctx/cb0cdd30e165aaa4/static/fancybox/jquery.mousewheel-3.0.4.pack.js" type="text/javascript"></script><script src="http://www.refonte.auchandirect.fr/assets/ctx/cb0cdd30e165aaa4/static/scripts/common.js" type="text/javascript"></script><script src="http://www.refonte.auchandirect.fr/assets/ctx/cb0cdd30e165aaa4/static/scripts/ZoneUpdater.js" type="text/javascript"></script><script src="http://www.refonte.auchandirect.fr/assets/ctx/cb0cdd30e165aaa4/static/scripts/jquery.carouFredSel-5.5.0-packed.js" type="text/javascript"></script><script type="text/javascript" language="javascript">
var j = jQuery.noConflict();
j(function() {
j("#foo2").carouFredSel({
circular: true,
infinite: false,
auto : true,
scroll : {
items : "page"
},
prev : {
button : "#foo2_prev",
key : "left"
},
next : {
button : "#foo2_next",
key : "right"
},
pagination : "#foo2_pag"
});
if($(".caroufredsel_wrapper")!=null)
$(".caroufredsel_wrapper").css({
'height': '246px'
});
if($(".page_famille_carrousel")!=null)
$(".page_famille_carrousel").css({
'overflow': 'hidden'
});
});
</script></head><body style="background : url('http://www.refonte.auchandirect.fr/static/habillagejanvier.JPG') repeat-x;
background-position : top center;
"><div class="fiche-produit" id="page"><div id="tetiere"><div id="logo"><!-- HEADER_LOGO --><div id="logo">
<a href="../../../../index.html" title="accueil"><img src="http://www.refonte.auchandirect.fr/static/images/logo-auchan.jpg" alt="Accueil" /></a>
</div>
</div><div id="pub"><?xml version="1.0" encoding="UTF-8"?><a  href="../../../../commander/identification.signin.forgetpwdpopup.html"  title="Inscrivez-vous et bénéficiez de la 1ere livraison offerte avec le code BIENVENUE dès 120€ d'achats"><img src="http://www.refonte.auchandirect.fr/img/display/000/000/530/5301.jpg" /></a>
</div><!-- HEADER_HAUT_DROIT --><!-- <t:outputraw value="headerHauteDroit" /> --><div id="newsletter"><h3>Newsletter</h3><a id="newsLetterPopup" onclick="javascript:Tapestry.waitForPage(event);" href="http://www.refonte.auchandirect.fr/rayon.pagetemplate.header.headertop.newsletterpopup?t:ac=818">Inscrivez-vous vite !</a></div></div><div id="menu-top"><div id="menu-promos"><ul class="menu menu-horizontal"><li><a title="promos" class="menu-top-promos" href="../../../../rayon.customerinfos.minibasket.validatebasket%3Ft:ac=promos.html">Promotions</a></li><li><a title="nouveautes" class="menu-top-nouveautes" href="../../../../nouveaut%25C3%25A9s/id0/nouveautes.html">Nouveautés</a></li></ul></div><div id="bloc-recherche"><form onsubmit="javascript:Tapestry.waitForPage(event);" action="http://www.refonte.auchandirect.fr/rayon.pagetemplate.header.headermenutop.searchform" method="post" id="searchForm" name="searchForm"><div class="t-invisible"><input value="818" name="t:ac" type="hidden"></input><input value="H4sIAAAAAAAAAJ2QoU4DQRBAp03A1JHwB2C3CGrAUAGqIaQXPmBub7jbZndn2Z2D1mD4DwyW8BMVOP6hhmCQoBBce3UkJEVNMsnMe3lPH7B1ewBqjDP2RwFLEnLBopCqCAuK6+HI18JBJcKoqxRhwLFUGFBXpAQDJYmzgdIcyZpc5ZhIDfNmiVrODNliLyOpw/7lvLfYffnuQmcEPc1eIttzdCSwM5rgDfYt+rKfSTS+PJ4Gge2W+C/H4aaOF5E1pZTVuTMpGfbz5+Lw6uvhtQswDRs5LF9I43Dyp4NmF9iTl6RWUPmt8LYYf96fPr63ychSg5Blsmu4g06baHX6A/6kTBjLAQAA" name="t:formdata" type="hidden"></input></div><div><input title="recherche" class="texte-recherche" value="Rechercher" id="search" name="search" type="text"></input><img id="search-icon" class="t-error-icon t-invisible" alt="" src="http://www.refonte.auchandirect.fr/assets/tapestry/5.1.0.5/spacer.gif"/><input value="OK" class="recherche-submit" name="submit" type="submit"></input></div></form></div></div><div id="menu" class="float-container"><ul id="menu-principal" class="menu menu-horizontal"><li><a class="first" title="RR1002" href="818.html#">Marché</a><div class="hovered_big_menu" id="4042"><div class="menu-panel"><div class="menu-listes-container float-container"><div class="menu-listes"><ul class="menu menu-horizontal menu_left"><li><h3><a title="RR2007" rel="page-461" href="../../../../sousfamille.customerinfos.minibasket.validatebasket%3Ft:ac=404%252F461.html">Fruits</a></h3><ul class="menu"><li><a href="../../../../march%25C3%25A9/fruits/fruits-de-saison/id0/592.html">Fruits de saison </a></li><li><a href="../../../../march%25C3%25A9/fruits/agrumes/id0/444663.html">Agrumes</a></li><li><a href="../../../../march%25C3%25A9/fruits/bananes,-fruits-exotiques/id0/589.html">Bananes, Fruits exotiques</a></li><li><a href="../../../../march%25C3%25A9/fruits/pommes,-poires/id0/593.html">Pommes, Poires</a></li><li><a href="../../../../march%25C3%25A9/fruits/fruits-rouges/id0/590.html">Fruits rouges</a></li><li><a href="../../../../march%25C3%25A9/fruits/fruits-%25C3%25A0-noyau,-raisins/id0/596.html">Fruits à Noyau, Raisins</a></li><li><a href="../../../../march%25C3%25A9/fruits/fruits-secs-et-pr%25C3%25AAts-%25C3%25A0-l'emploi/id0/595.html">Fruits Secs et Prêts à l'Emploi</a></li><li><a href="../../../../march%25C3%25A9/fruits/jus-de-fruits-frais/id0/100371.html">Jus de Fruits frais</a></li></ul></li><li><h3><a title="RR2006" rel="page-463" href="../../../../id3/404/463.html">Légumes</a></h3><ul class="menu"><li><a href="../../../../march%25C3%25A9/l%25C3%25A9gumes/l%25C3%25A9gumes-de-saison/id0/431975.html">Légumes de saison</a></li><li><a href="../../../../march%25C3%25A9/l%25C3%25A9gumes/salades,-endives,-herbes-aromatiques/id0/585.html">Salades, Endives, Herbes aromatiques</a></li><li><a href="../../../../march%25C3%25A9/l%25C3%25A9gumes/tomates/id0/82017.html">Tomates</a></li><li><a href="../../../../march%25C3%25A9/l%25C3%25A9gumes/aubergines,-courgettes,-poivrons/id0/583.html">Aubergines, Courgettes, Poivrons</a></li><li><a href="../../../../march%25C3%25A9/l%25C3%25A9gumes/avocats,-concombres,-radis,-celeris/id0/581.html">Avocats, Concombres, Radis, Celeris</a></li><li><a href="../../../../march%25C3%25A9/l%25C3%25A9gumes/carottes,-poireaux,-navets,-potirons,-choux/id0/580.html">Carottes, Poireaux, Navets, Potirons, Choux</a></li><li><a href="../../../../march%25C3%25A9/l%25C3%25A9gumes/l%25C3%25A9gumes-verts,-asperges,-champignons/id0/579.html">Légumes verts, Asperges, Champignons</a></li><li><a href="../../../../march%25C3%25A9/l%25C3%25A9gumes/pommes-de-terre/id0/584.html">Pommes de Terre</a></li><li><a href="../../../../march%25C3%25A9/l%25C3%25A9gumes/ails,-oignons,-echalotes/id0/587.html">Ails, Oignons, Echalotes</a></li><li><a href="../../../../march%25C3%25A9/l%25C3%25A9gumes/soupes-fra%25C3%25AEches,-pr%25C3%25AAts-%25C3%25A0-l'emploi,-l%25C3%25A9gumes-secs/id0/588.html">Soupes Fraîches, Prêts à l'emploi, Légumes secs</a></li></ul></li><li><h3><a title="RR2009" rel="page-460" href="../../../../id3/404/460.html">Boucherie - Volaille</a></h3><ul class="menu"><li><a href="../../../../march%25C3%25A9/boucherie---volaille/les-pi%25C3%25A8ces-du-boucher/id0/431977.html">Les pièces du Boucher</a></li><li><a href="../../../../march%25C3%25A9/boucherie---volaille/b%25C5%2593uf/id0/601.html">Bœuf</a></li><li><a href="../../../../march%25C3%25A9/boucherie---volaille/porc,-veau,-agneau/id0/600.html">Porc, Veau, Agneau</a></li><li><a href="../../../../march%25C3%25A9/boucherie---volaille/poulet,-dinde,-autres-volailles/id0/603.html">Poulet, Dinde, Autres Volailles</a></li><li><a href="../../../../march%25C3%25A9/boucherie---volaille/saucisse,-viandes-cuisin%25C3%25A9es,-snack,-sauce/id0/602.html">Saucisse, Viandes Cuisinées, Snack, Sauce</a></li></ul></li><li><h3><a title="RR2008" rel="page-462" href="../../../../id3/404/462.html">Produits de la mer</a></h3><ul class="menu"><li><a href="../../../../march%25C3%25A9/produits-de-la-mer/poissons-frais,-fruits-de-mer,-poissons-pan%25C3%25A9s/id0/597.html">Poissons frais, Fruits de Mer, Poissons Panés</a></li><li><a href="../../../../march%25C3%25A9/produits-de-la-mer/poissons-fum%25C3%25A9s/id0/82012.html">Poissons Fumés</a></li><li><a href="../../../../march%25C3%25A9/produits-de-la-mer/produits-ap%25C3%25A9ritifs/id0/100366.html">Produits Apéritifs</a></li><li><a href="../../../../march%25C3%25A9/produits-de-la-mer/surimis/id0/100363.html">Surimis</a></li></ul></li><li><h3><a title="RR3360" rel="page-100376" href="../../../../id3/404/100376.html">Pains - Viennoiseries</a></h3><ul class="menu"><li><a href="../../../../march%25C3%25A9/pains---viennoiseries/pains,-pains-de-mie/id0/100377.html">Pains, Pains de mie</a></li><li><a href="../../../../march%25C3%25A9/pains---viennoiseries/pains-%25C3%25A0-garnir/id0/431981.html">Pains à garnir</a></li><li><a href="../../../../march%25C3%25A9/pains---viennoiseries/brioches-et-viennoiseries/id0/100381.html">Brioches et Viennoiseries</a></li></ul></li></ul><?xml version="1.0" encoding="UTF-8"?><a href="http://www.refonte.auchandirect.fr/rayon/511862"><img src="http://www.refonte.auchandirect.fr/static/vitamines.jpg" alt="Faites le plein de vitamines !" title="Faites le plein de vitamines !" width="150" height="275" /></a>    
<div class="clear"></div></div><div class="clear"></div></div></div></div></li><li><a title="RR1003" href="818.html#">Produits laitiers<br/>Œufs</a><div class="hovered_big_menu" id="4082"><div class="menu-panel"><div class="menu-listes-container float-container"><div class="menu-listes"><ul class="menu menu-horizontal menu_left"><li><h3><a title="RR2010" rel="page-459" href="../../../../id3/408/459.html">Crémerie, Oeufs</a></h3><ul class="menu"><li><a href="../../../../produits-laitiers,-%25C5%2593ufs/cr%25C3%25A9merie,-oeufs/laits/id0/605.html">Laits</a></li><li><a href="../../../../produits-laitiers,-%25C5%2593ufs/cr%25C3%25A9merie,-oeufs/cr%25C3%25A8mes-fra%25C3%25AEches,-sauces/id0/608.html">Crèmes Fraîches, Sauces </a></li><li><a href="../../../../produits-laitiers,-%25C5%2593ufs/cr%25C3%25A9merie,-oeufs/beurres/id0/604.html">Beurres</a></li><li><a href="../../../../produits-laitiers,-%25C5%2593ufs/cr%25C3%25A9merie,-oeufs/margarines/id0/607.html">Margarines</a></li><li><a href="../../../../produits-laitiers,-%25C5%2593ufs/cr%25C3%25A9merie,-oeufs/oeufs/id0/606.html">Oeufs</a></li></ul></li><li><h3><a title="RR2011" rel="page-466" href="../../../../id3/408/466.html">Fromages</a></h3><ul class="menu"><li><a href="../../../../produits-laitiers,-%25C5%2593ufs/fromages/emmental,-comt%25C3%25A9,-rap%25C3%25A9,-parmesan/id0/431987.html">Emmental, Comté, Rapé et Parmesan</a></li><li><a href="../../../../produits-laitiers,-%25C5%2593ufs/fromages/ch%25C3%25A8vres,-brebis,-bleus,-roqueforts/id0/610.html">Chèvres,  Brebis, Bleus, Roqueforts</a></li><li><a href="../../../../produits-laitiers,-%25C5%2593ufs/fromages/camemberts,-coulommiers,-bries/id0/611.html">Camemberts,  Coulommiers,  Bries</a></li><li><a href="../../../../produits-laitiers,-%25C5%2593ufs/fromages/sp%25C3%25A9cialit%25C3%25A9s,-aop/id0/612.html">Spécialités,  AOP</a></li><li><a href="../../../../produits-laitiers,-%25C5%2593ufs/fromages/fromages-all%25C3%25A9g%25C3%25A9s/id0/618.html">Fromages Allégés</a></li><li><a href="../../../../produits-laitiers,-%25C5%2593ufs/fromages/a-cuisiner,-a-tartiner,-a-fondre/id0/614.html">A cuisiner, A tartiner, A fondre</a></li><li><a href="../../../../produits-laitiers,-%25C5%2593ufs/fromages/ap%25C3%25A9ritifs,-salades,-mozzarellas/id0/615.html">Apéritifs,  Salades,  Mozzarellas</a></li><li><a href="../../../../produits-laitiers,-%25C5%2593ufs/fromages/enfants/id0/617.html">Enfants</a></li></ul></li><li><h3><a title="RR2012" rel="page-464" href="../../../../id3/408/464.html">Yaourts, Desserts</a></h3><ul class="menu"><li><a href="../../../../produits-laitiers,-%25C5%2593ufs/yaourts,-desserts/yaourts-natures,-fromages-blancs/id0/619.html">Yaourts natures, Fromages blancs</a></li><li><a href="../../../../produits-laitiers,-%25C5%2593ufs/yaourts,-desserts/yaourts-aux-fruits,-aromatis%25C3%25A9s/id0/620.html">Yaourts aux fruits,  Aromatisés</a></li><li><a href="../../../../produits-laitiers,-%25C5%2593ufs/yaourts,-desserts/yaourts-enfants,-a-boire/id0/621.html">Yaourts enfants, A boire</a></li><li><a href="../../../../produits-laitiers,-%25C5%2593ufs/yaourts,-desserts/desserts-gourmands/id0/622.html">Desserts gourmands</a></li><li><a href="../../../../produits-laitiers,-%25C5%2593ufs/yaourts,-desserts/all%25C3%25A9g%25C3%25A9s,-bien-%25C3%25AAtre/id0/623.html">Allégés,  Bien Être</a></li><li><a href="../../../../produits-laitiers,-%25C5%2593ufs/yaourts,-desserts/compotes/id0/431969.html">Compotes</a></li></ul></li></ul><?xml version="1.0" encoding="UTF-8"?><a href="http://www.refonte.auchandirect.fr/rayon/593464"><img src="http://www.refonte.auchandirect.fr/static/S0213laitierV2.png" alt="La promo de la semaine au rayon laitier" title="La promo de la semaine au rayon laitier" /></a>    
<div class="clear"></div></div><div class="clear"></div></div></div></div></li><li><a title="RR1004" href="818.html#">Charcuterie<br/>Traiteur</a><div class="hovered_big_menu" id="4072"><div class="menu-panel"><div class="menu-listes-container float-container"><div class="menu-listes"><ul class="menu menu-horizontal menu_left"><li><h3><a title="RR2013" rel="page-468" href="../../../../id3/407/468.html">Charcuterie</a></h3><ul class="menu"><li><a href="../../../../charcuterie-traiteur/charcuterie/jambons/id0/624.html">Jambons</a></li><li><a href="../../../../charcuterie-traiteur/charcuterie/lardons,-bacon,-aides-culinaires/id0/626.html">Lardons, Bacon, Aides culinaires</a></li><li><a href="../../../../charcuterie-traiteur/charcuterie/saucisses,-boudins/id0/629.html">Saucisses, Boudins</a></li><li><a href="../../../../charcuterie-traiteur/charcuterie/saucissons,-p%25C3%25A2t%25C3%25A9s,-rillettes/id0/625.html">Saucissons, Pâtés, Rillettes</a></li></ul></li><li><h3><a title="RR2014" rel="page-465" href="../../../../id3/407/465.html">Traiteur</a></h3><ul class="menu"><li><a href="../../../../charcuterie-traiteur/traiteur/entr%25C3%25A9es,-ap%25C3%25A9ritifs/id0/630.html">Entrées, Apéritifs</a></li><li><a href="../../../../charcuterie-traiteur/traiteur/salades-compos%25C3%25A9es,-crudit%25C3%25A9s,-soupes/id0/627.html">Salades Composées, Crudités, Soupes</a></li><li><a href="../../../../charcuterie-traiteur/traiteur/burgers,-croques/id0/632.html">Burgers, Croques</a></li><li><a href="../../../../charcuterie-traiteur/traiteur/cordons-bleus,-nuggets,-grignottes/id0/636.html">Cordons Bleus, Nuggets, Grignottes</a></li><li><a href="../../../../charcuterie-traiteur/traiteur/pizzas,-tartes,-quiches/id0/631.html">Pizzas, Tartes, Quiches</a></li><li><a href="../../../../charcuterie-traiteur/traiteur/p%25C3%25A2tes-fra%25C3%25AEches,-quenelles/id0/634.html">Pâtes Fraîches, Quenelles</a></li><li><a href="../../../../charcuterie-traiteur/traiteur/plats-cuisin%25C3%25A9s/id0/628.html">Plats cuisinés</a></li><li><a href="../../../../charcuterie-traiteur/traiteur/p%25C3%25A2tes-%25C3%25A0-tarte-et-%25C3%25A0-g%25C3%25A2teaux/id0/633.html">Pâtes à Tarte et à Gâteaux</a></li><li><a href="../../../../charcuterie-traiteur/traiteur/destockage-foie-gras-et-toasts/id0/565014.html">Destockage Foie Gras et Toasts</a></li></ul></li><li><h3><a title="RR2016" rel="page-467" href="../../../../id3/407/467.html">Traiteur de la Mer</a></h3><ul class="menu"><li><a href="../../../../charcuterie-traiteur/traiteur-de-la-mer/poissons-fum%25C3%25A9s/id0/639.html">Poissons Fumés</a></li><li><a href="../../../../charcuterie-traiteur/traiteur-de-la-mer/surimis,-poissons-pan%25C3%25A9s/id0/637.html">Surimis, Poissons panés</a></li><li><a href="../../../../charcuterie-traiteur/traiteur-de-la-mer/produits-ap%25C3%25A9ritifs/id0/640.html">Produits Apéritifs</a></li></ul></li></ul><?xml version="1.0" encoding="UTF-8"?><a href="http://www.refonte.auchandirect.fr/rayon/511863"><img src="http://www.refonte.auchandirect.fr/static/jambons.jpg" alt="Le jambon...c'est meilleur en promo !" title="Le jambon...c'est meilleur en promo !" width="150" height="275" /></a>     
<div class="clear"></div></div><div class="clear"></div></div></div></div></li><li><a title="RR1005" href="818.html#">Surgelés</a><div class="hovered_big_menu" id="4062"><div class="menu-panel"><div class="menu-listes-container float-container"><div class="menu-listes"><ul class="menu menu-horizontal menu_left"><li><h3><a title="RR2017" rel="page-472" href="../../../../id3/406/472.html">Apéritifs, Entrées, Snacks</a></h3><ul class="menu"><li><a href="../../../../surgel%25C3%25A9s/ap%25C3%25A9ritifs,-entr%25C3%25A9es,-snacks/ap%25C3%25A9ritifs,-petits-fours/id0/431976.html">Apéritifs, Petits fours</a></li><li><a href="../../../../surgel%25C3%25A9s/ap%25C3%25A9ritifs,-entr%25C3%25A9es,-snacks/cr%25C3%25AApes,-feuillet%25C3%25A9s/id0/431978.html">Crêpes, Feuilletés</a></li><li><a href="../../../../surgel%25C3%25A9s/ap%25C3%25A9ritifs,-entr%25C3%25A9es,-snacks/bun's,-burgers/id0/431979.html">Bun's, Burgers</a></li><li><a href="../../../../surgel%25C3%25A9s/ap%25C3%25A9ritifs,-entr%25C3%25A9es,-snacks/coquilles,-escargots/id0/431980.html">Coquilles, Escargots</a></li></ul></li><li><h3><a title="Pizzas, Tartes, Plats cuisinés" rel="page-431964" href="../../../../id3/406/431964.html">Pizzas, Tartes, Plats cuisinés</a></h3><ul class="menu"><li><a href="../../../../surgel%25C3%25A9s/pizzas,-tartes,-plats-cuisin%25C3%25A9s/pizzas/id0/648.html">Pizzas</a></li><li><a href="../../../../surgel%25C3%25A9s/pizzas,-tartes,-plats-cuisin%25C3%25A9s/tartes,-quiches/id0/431973.html">Tartes, Quiches</a></li><li><a href="../../../../surgel%25C3%25A9s/pizzas,-tartes,-plats-cuisin%25C3%25A9s/plats-cuisin%25C3%25A9s/id0/646.html">Plats Cuisinés</a></li></ul></li><li><h3><a title="RR2019" rel="page-470" href="../../../../id3/406/470.html">Viandes, Produits de la Mer</a></h3><ul class="menu"><li><a href="../../../../surgel%25C3%25A9s/viandes,-produits-de-la-mer/viandes/id0/652.html">Viandes</a></li><li><a href="../../../../surgel%25C3%25A9s/viandes,-produits-de-la-mer/produits-de-la-mer/id0/654.html">Produits de la Mer</a></li></ul></li><li><h3><a title="RR2018" rel="page-469" href="../../../../id3/406/469.html">Légumes, Pommes de Terre, Herbes</a></h3><ul class="menu"><li><a href="../../../../surgel%25C3%25A9s/l%25C3%25A9gumes,-pommes-de-terre,-herbes/frites,-pommes-de-terre/id0/647.html">Frites, Pommes de Terre</a></li><li><a href="../../../../surgel%25C3%25A9s/l%25C3%25A9gumes,-pommes-de-terre,-herbes/l%25C3%25A9gumes/id0/650.html">Légumes</a></li><li><a href="../../../../surgel%25C3%25A9s/l%25C3%25A9gumes,-pommes-de-terre,-herbes/herbes-aromatiques-et-sauces/id0/651.html">Herbes Aromatiques et sauces</a></li></ul></li><li><h3><a title="RR2020" rel="page-471" href="../../../../id3/406/471.html">Glaces, Patisseries, Viennoiseries</a></h3><ul class="menu"><li><a href="../../../../surgel%25C3%25A9s/glaces,-patisseries,-viennoiseries/glaces-individuelles/id0/657.html">Glaces Individuelles</a></li><li><a href="../../../../surgel%25C3%25A9s/glaces,-patisseries,-viennoiseries/glaces-%25C3%25A0-partager/id0/653.html">Glaces à Partager</a></li><li><a href="../../../../surgel%25C3%25A9s/glaces,-patisseries,-viennoiseries/p%25C3%25A2tisseries,-viennoiseries/id0/656.html">Pâtisseries, Viennoiseries</a></li><li><a href="../../../../surgel%25C3%25A9s/glaces,-patisseries,-viennoiseries/accompagnements,-fruits/id0/655.html">Accompagnements, Fruits</a></li><li><a href="../../../../surgel%25C3%25A9s/glaces,-patisseries,-viennoiseries/b%25C3%25BBches-de-f%25C3%25AAtes/id0/451162.html">Bûches de Fêtes</a></li></ul></li></ul><?xml version="1.0" encoding="UTF-8"?><a href="http://www.refonte.auchandirect.fr/rayon/511868"><img src="http://www.refonte.auchandirect.fr/static/S0213_surgeles.jpg" alt="La promo de la semaine au rayon surgel&eacute;s " title="La promo de la semaine au rayon surgel&eacute;s " width="150" height="275" /></a>    
<div class="clear"></div></div><div class="clear"></div></div></div></div></li><li><a title="RR1006" href="818.html#">Epicerie<br/>Salée</a><div class="hovered_big_menu" id="4132"><div class="menu-panel"><div class="menu-listes-container float-container"><div class="menu-listes"><ul class="menu menu-horizontal menu_left"><li><h3><a title="RR2025" rel="page-479" href="../../../../id3/413/479.html">Conserves, Plats Cuisinés</a></h3><ul class="menu"><li><a href="../../../../epicerie-sal%25C3%25A9e/conserves,-plats-cuisin%25C3%25A9s/conserves-de-l%25C3%25A9gumes/id0/674.html">Conserves de Légumes</a></li><li><a href="../../../../epicerie-sal%25C3%25A9e/conserves,-plats-cuisin%25C3%25A9s/conserves-de-poissons/id0/676.html">Conserves de Poissons</a></li><li><a href="../../../../epicerie-sal%25C3%25A9e/conserves,-plats-cuisin%25C3%25A9s/plats-cuisin%25C3%25A9s/id0/677.html">Plats Cuisinés</a></li><li><a href="../../../../epicerie-sal%25C3%25A9e/conserves,-plats-cuisin%25C3%25A9s/terrines,-pat%25C3%25A9s/id0/679.html">Terrines, Patés</a></li></ul></li><li><h3><a title="RR2023" rel="page-480" href="../../../../id3/413/480.html">Pâtes, Riz, Purées</a></h3><ul class="menu"><li><a href="../../../../epicerie-sal%25C3%25A9e/p%25C3%25A2tes,-riz,-pur%25C3%25A9es/p%25C3%25A2tes/id0/681.html">Pâtes</a></li><li><a href="../../../../epicerie-sal%25C3%25A9e/p%25C3%25A2tes,-riz,-pur%25C3%25A9es/riz/id0/680.html">Riz</a></li><li><a href="../../../../epicerie-sal%25C3%25A9e/p%25C3%25A2tes,-riz,-pur%25C3%25A9es/sauces-pour-p%25C3%25A2tes-et-riz/id0/431966.html">Sauces pour Pâtes et Riz</a></li><li><a href="../../../../epicerie-sal%25C3%25A9e/p%25C3%25A2tes,-riz,-pur%25C3%25A9es/bl%25C3%25A9s,-semoules,-l%25C3%25A9gumes-secs/id0/678.html">Blés, Semoules, Légumes secs</a></li><li><a href="../../../../epicerie-sal%25C3%25A9e/p%25C3%25A2tes,-riz,-pur%25C3%25A9es/pur%25C3%25A9es/id0/682.html">Purées</a></li></ul></li><li><h3><a title="RR2022" rel="page-481" href="../../../../id3/413/481.html">Potages et Soupes</a></h3><ul class="menu"><li><a href="../../../../epicerie-sal%25C3%25A9e/potages-et-soupes/format-familial/id0/683.html">Format Familial</a></li><li><a href="../../../../epicerie-sal%25C3%25A9e/potages-et-soupes/format-individuel/id0/686.html">Format individuel</a></li><li><a href="../../../../epicerie-sal%25C3%25A9e/potages-et-soupes/de%25CC%2581shydrate%25CC%2581es,-instantane%25CC%2581es,-croutons/id0/685.html">Déshydratées, Instantanées, Croutons</a></li></ul></li><li><h3><a title="RR2024" rel="page-482" href="../../../../id3/413/482.html">Sauces, Condiments</a></h3><ul class="menu"><li><a href="../../../../epicerie-sal%25C3%25A9e/sauces,-condiments/huiles/id0/692.html">Huiles</a></li><li><a href="../../../../epicerie-sal%25C3%25A9e/sauces,-condiments/vinaigres,-vinaigrettes/id0/694.html">Vinaigres, Vinaigrettes</a></li><li><a href="../../../../epicerie-sal%25C3%25A9e/sauces,-condiments/sauces-chaudes/id0/689.html">Sauces Chaudes</a></li><li><a href="../../../../epicerie-sal%25C3%25A9e/sauces,-condiments/moutarde,-mayonnaise,-ketchup/id0/691.html">Moutarde, Mayonnaise, Ketchup</a></li><li><a href="../../../../epicerie-sal%25C3%25A9e/sauces,-condiments/olives,-cornichons/id0/688.html">Olives,  Cornichons</a></li><li><a href="../../../../epicerie-sal%25C3%25A9e/sauces,-condiments/sel,-poivre,-epices,-herbes/id0/695.html">Sel, Poivre, Epices, Herbes</a></li><li><a href="../../../../epicerie-sal%25C3%25A9e/sauces,-condiments/bouillons,-aides-culinaires/id0/687.html">Bouillons, Aides culinaires</a></li></ul></li><li><h3><a title="RR2021" rel="page-477" href="../../../../id3/413/477.html">Produits salés apéritifs</a></h3><ul class="menu"><li><a href="../../../../epicerie-sal%25C3%25A9e/produits-sal%25C3%25A9s-ap%25C3%25A9ritifs/chips,-tuiles/id0/675.html">Chips, Tuiles</a></li><li><a href="../../../../epicerie-sal%25C3%25A9e/produits-sal%25C3%25A9s-ap%25C3%25A9ritifs/cacahu%25C3%25A8tes,-autres-graines/id0/673.html">Cacahuètes, Autres Graines</a></li><li><a href="../../../../epicerie-sal%25C3%25A9e/produits-sal%25C3%25A9s-ap%25C3%25A9ritifs/biscuits-sal%25C3%25A9s,-souffl%25C3%25A9s/id0/668.html">Biscuits salés, Soufflés</a></li><li><a href="../../../../epicerie-sal%25C3%25A9e/produits-sal%25C3%25A9s-ap%25C3%25A9ritifs/autres-produits-ap%25C3%25A9ritifs/id0/669.html">Autres Produits Apéritifs</a></li></ul></li><li><h3><a title="RR3363" rel="page-143464" href="../../../../id3/413/143464.html">Produits Gourmets</a></h3><ul class="menu"><li><a href="../../../../epicerie-sal%25C3%25A9e/produits-gourmets/epicerie-sal%25C3%25A9e/id0/143468.html">Epicerie Salée</a></li><li><a href="../../../../epicerie-sal%25C3%25A9e/produits-gourmets/epicerie-sucr%25C3%25A9e/id0/143469.html">Epicerie Sucrée</a></li></ul></li></ul><?xml version="1.0" encoding="UTF-8"?><a href="http://www.refonte.auchandirect.fr/rayon/485262"><img src="http://www.refonte.auchandirect.fr/static/S0213epiceriesalee.png" alt="La promo de la semaine au rayon &eacute;picerie sal&eacute;e" title="La promo de la semaine au rayon &eacute;picerie sal&eacute;e" width="150" height="275" /></a>     
<div class="clear"></div></div><div class="clear"></div></div></div></div></li><li><a title="RR1007" href="818.html#">Petit-Déjeuner<br/>Epicerie Sucrée</a><div class="hovered_big_menu" id="4092"><div class="menu-panel"><div class="menu-listes-container float-container"><div class="menu-listes"><ul class="menu menu-horizontal menu_left"><li><h3><a title="RR2029" rel="page-484" href="../../../../id3/409/484.html">Petit-déjeuner</a></h3><ul class="menu"><li><a href="../../../../petit-d%25C3%25A9jeuner-epicerie-sucr%25C3%25A9e/petit-d%25C3%25A9jeuner/caf%25C3%25A9s,-chicor%25C3%25A9es,-chocolats/id0/710.html">Cafés, Chicorées, Chocolats</a></li><li><a href="../../../../petit-d%25C3%25A9jeuner-epicerie-sucr%25C3%25A9e/petit-d%25C3%25A9jeuner/dosettes,-capsules/id0/431984.html">Dosettes, Capsules</a></li><li><a href="../../../../petit-d%25C3%25A9jeuner-epicerie-sucr%25C3%25A9e/petit-d%25C3%25A9jeuner/th%25C3%25A9s,-infusions/id0/715.html">Thés, Infusions</a></li><li><a href="../../../../petit-d%25C3%25A9jeuner-epicerie-sucr%25C3%25A9e/petit-d%25C3%25A9jeuner/c%25C3%25A9r%25C3%25A9ales/id0/709.html">Céréales</a></li><li><a href="../../../../petit-d%25C3%25A9jeuner-epicerie-sucr%25C3%25A9e/petit-d%25C3%25A9jeuner/biscottes,-tartines/id0/708.html">Biscottes, Tartines</a></li><li><a href="../../../../petit-d%25C3%25A9jeuner-epicerie-sucr%25C3%25A9e/petit-d%25C3%25A9jeuner/pains-et-viennoiseries/id0/716.html">Pains et Viennoiseries</a></li><li><a href="../../../../petit-d%25C3%25A9jeuner-epicerie-sucr%25C3%25A9e/petit-d%25C3%25A9jeuner/confitures,-miels,-p%25C3%25A2tes-%25C3%25A0-tartiner/id0/712.html">Confitures, Miels, Pâtes à Tartiner</a></li><li><a href="../../../../petit-d%25C3%25A9jeuner-epicerie-sucr%25C3%25A9e/petit-d%25C3%25A9jeuner/jus-de-fruits/id0/713.html">Jus de Fruits</a></li><li><a href="../../../../petit-d%25C3%25A9jeuner-epicerie-sucr%25C3%25A9e/petit-d%25C3%25A9jeuner/laits/id0/714.html">Laits</a></li></ul></li><li><h3><a title="RR2026" rel="page-483" href="../../../../id3/409/483.html">Biscuits, Goûters</a></h3><ul class="menu"><li><a href="../../../../petit-d%25C3%25A9jeuner-epicerie-sucr%25C3%25A9e/biscuits,-go%25C3%25BBters/biscuits/id0/693.html">Biscuits</a></li><li><a href="../../../../petit-d%25C3%25A9jeuner-epicerie-sucr%25C3%25A9e/biscuits,-go%25C3%25BBters/go%25C3%25BBters/id0/431989.html">Goûters </a></li><li><a href="../../../../petit-d%25C3%25A9jeuner-epicerie-sucr%25C3%25A9e/biscuits,-go%25C3%25BBters/p%25C3%25A2tisseries/id0/696.html">Pâtisseries</a></li></ul></li><li><h3><a title="RR2027" rel="page-485" href="../../../../id3/409/485.html">Chocolats, Confiseries</a></h3><ul class="menu"><li><a href="../../../../petit-d%25C3%25A9jeuner-epicerie-sucr%25C3%25A9e/chocolats,-confiseries/tablettes-de-chocolat/id0/701.html">Tablettes de Chocolat</a></li><li><a href="../../../../petit-d%25C3%25A9jeuner-epicerie-sucr%25C3%25A9e/chocolats,-confiseries/confiseries-chocolat%25C3%25A9es/id0/698.html">Confiseries Chocolatées</a></li><li><a href="../../../../petit-d%25C3%25A9jeuner-epicerie-sucr%25C3%25A9e/chocolats,-confiseries/bonbons/id0/699.html">Bonbons</a></li><li><a href="../../../../petit-d%25C3%25A9jeuner-epicerie-sucr%25C3%25A9e/chocolats,-confiseries/chewing-gum/id0/700.html">Chewing Gum</a></li><li><a href="../../../../petit-d%25C3%25A9jeuner-epicerie-sucr%25C3%25A9e/chocolats,-confiseries/petite-confiserie/id0/702.html">Petite Confiserie</a></li></ul></li><li><h3><a title="RR2028" rel="page-486" href="../../../../id3/409/486.html">Desserts, Ingrédients</a></h3><ul class="menu"><li><a href="../../../../petit-d%25C3%25A9jeuner-epicerie-sucr%25C3%25A9e/desserts,-ingr%25C3%25A9dients/sucres,-farines,-levures/id0/706.html">Sucres, Farines, Levures</a></li><li><a href="../../../../petit-d%25C3%25A9jeuner-epicerie-sucr%25C3%25A9e/desserts,-ingr%25C3%25A9dients/compotes,-cr%25C3%25A8mes/id0/704.html">Compotes, Crèmes</a></li><li><a href="../../../../petit-d%25C3%25A9jeuner-epicerie-sucr%25C3%25A9e/desserts,-ingr%25C3%25A9dients/desserts-%25C3%25A0-pr%25C3%25A9parer/id0/703.html">Desserts à Préparer</a></li><li><a href="../../../../petit-d%25C3%25A9jeuner-epicerie-sucr%25C3%25A9e/desserts,-ingr%25C3%25A9dients/fruits-au-sirop/id0/705.html">Fruits au Sirop</a></li><li><a href="../../../../petit-d%25C3%25A9jeuner-epicerie-sucr%25C3%25A9e/desserts,-ingr%25C3%25A9dients/aides-%25C3%25A0-la-p%25C3%25A2tisserie/id0/707.html">Aides à la Pâtisserie</a></li></ul></li><li><h3><a title="Bien Etre, Forme" rel="page-431988" href="../../../../id3/409/431988.html">Bien Etre, Forme</a></h3><ul class="menu"><li><a href="../../../../petit-d%25C3%25A9jeuner-epicerie-sucr%25C3%25A9e/bien-etre,-forme/petit-d%25C3%25A9jeuner/id0/431990.html">Petit Déjeuner</a></li><li><a href="../../../../petit-d%25C3%25A9jeuner-epicerie-sucr%25C3%25A9e/bien-etre,-forme/biscuits,-go%25C3%25BBters/id0/431991.html">Biscuits, Goûters</a></li><li><a href="../../../../petit-d%25C3%25A9jeuner-epicerie-sucr%25C3%25A9e/bien-etre,-forme/compl%25C3%25A9ments-alimentaires/id0/431992.html">Compléments alimentaires</a></li><li><a href="../../../../petit-d%25C3%25A9jeuner-epicerie-sucr%25C3%25A9e/bien-etre,-forme/sans-gluten/id0/431993.html">Sans gluten</a></li></ul></li></ul><?xml version="1.0" encoding="UTF-8"?><a href="http://www.refonte.auchandirect.fr/rayon/511864"><img src="http://www.refonte.auchandirect.fr/static/epiceriesucree.jpg" alt="Accordez-vous une pause sucr&eacute;e !" title="Accordez-vous une pause sucr&eacute;e !" width="150" height="275" /></a>    
<div class="clear"></div></div><div class="clear"></div></div></div></div></li><li><a title="RR1008" href="818.html#">Boissons</a><div class="hovered_big_menu" id="4112"><div class="menu-panel"><div class="menu-listes-container float-container"><div class="menu-listes"><ul class="menu menu-horizontal menu_left"><li><h3><a title="RR2030" rel="page-478" href="../../../../id3/411/478.html">Eaux</a></h3><ul class="menu"><li><a href="../../../eaux/eaux-plates/id0/667.html">Eaux plates</a></li><li><a href="../../../eaux/eaux-gazeuses/id0/663.html">Eaux gazeuses</a></li><li><a href="../../../eaux/eaux-aromatis%25C3%25A9es/id0/666.html">Eaux aromatisées</a></li></ul></li><li><h3><a title="RR2031" rel="page-476" href="../../../../id3/411/476.html">Jus, Softs</a></h3><ul class="menu"><li><a href="../../../jus,-softs/jus-de-fruits,-l%25C3%25A9gumes/id0/672.html">Jus de fruits, Légumes</a></li><li><a href="../../../jus,-softs/jus-de-fruits-frais/id0/433470.html">Jus de fruits frais</a></li><li><a href="../../../jus,-softs/colas,-boissons-gazeuses/id0/671.html">Colas, Boissons gazeuses</a></li><li><a href="../../../jus,-softs/boissons-aromatis%25C3%25A9es,-sirops/id0/670.html">Boissons aromatisées, Sirops</a></li><li><a href="../../../jus,-softs/energ%25C3%25A9tiques,-sports/id0/431982.html">Energétiques, Sports</a></li></ul></li><li><h3><a title="RR2058" rel="page-506" href="../../../../id3/411/506.html">Vins et Champagnes</a></h3><ul class="menu"><li><a href="../../vins-rouges/id0/822.html">Vins rouges</a></li><li><a href="../../vins-blancs/id0/819.html">Vins blancs</a></li><li><a href="../../vins-ros%25C3%25A9s/id0/821.html">Vins rosés</a></li><li><a href="818.html">Champagnes et vins pétillants</a></li></ul></li><li><h3><a title="RR3373" rel="page-445712" href="../../../../id3/411/445712.html">Produits Salés Apéritifs</a></h3><ul class="menu"><li><a href="../../../produits-sal%25C3%25A9s-ap%25C3%25A9ritifs/chips,-tuiles/id0/445713.html">Chips, Tuiles</a></li><li><a href="../../../produits-sal%25C3%25A9s-ap%25C3%25A9ritifs/cacahu%25C3%25A8tes,-autres-graines/id0/445714.html">Cacahuètes, Autres Graines</a></li><li><a href="../../../produits-sal%25C3%25A9s-ap%25C3%25A9ritifs/biscuits-sal%25C3%25A9s,-souffl%25C3%25A9s/id0/445715.html">Biscuits Salés, Soufflés</a></li><li><a href="../../../produits-sal%25C3%25A9s-ap%25C3%25A9ritifs/autres-produits-ap%25C3%25A9ritifs/id0/445716.html">Autres Produits Apéritifs</a></li></ul></li><li><h3><a title="RR2032" rel="page-475" href="../../../../id3/411/475.html">Apéritifs, Digestifs</a></h3><ul class="menu"><li><a href="../../../ap%25C3%25A9ritifs,-digestifs/whiskies/id0/661.html">Whiskies</a></li><li><a href="../../../ap%25C3%25A9ritifs,-digestifs/ap%25C3%25A9ritifs,-anis%25C3%25A9s/id0/662.html">Apéritifs, Anisés</a></li><li><a href="../../../ap%25C3%25A9ritifs,-digestifs/digestifs/id0/658.html">Digestifs</a></li><li><a href="../../../ap%25C3%25A9ritifs,-digestifs/autres-alcools/id0/431962.html">Autres alcools</a></li><li><a href="../../../ap%25C3%25A9ritifs,-digestifs/sans-alcool/id0/431963.html">Sans alcool</a></li></ul></li><li><h3><a title="RR2033" rel="page-474" href="../../../../id3/411/474.html">Bières, Cidres</a></h3><ul class="menu"><li><a href="../../../bi%25C3%25A8res,-cidres/bi%25C3%25A8res/id0/664.html">Bières</a></li><li><a href="../../../bi%25C3%25A8res,-cidres/cidres/id0/665.html">Cidres</a></li></ul></li></ul><?xml version="1.0" encoding="UTF-8"?><a href="http://www.refonte.auchandirect.fr/rayon/422512"><img src="http://www.refonte.auchandirect.fr/static/S0113_boissonscondi.jpg" alt="Pour vos boissons, pensez gros conditionnement !" title="Pour vos boissons, pensez gros conditionnement !" width="150" height="275" /></a>     
<div class="clear"></div></div><div class="clear"></div></div></div></div></li><li><a title="RR1012" href="818.html#">Bébé</a><div class="hovered_big_menu" id="4102"><div class="menu-panel"><div class="menu-listes-container float-container"><div class="menu-listes"><ul class="menu menu-horizontal menu_left"><li><h3><a title="RR2048" rel="page-490" href="../../../../id3/410/490.html">Couches, Culottes</a></h3><ul class="menu"><li><a href="../../../../b%25C3%25A9b%25C3%25A9/couches,-culottes/nouveau-n%25C3%25A9s/id0/718.html">Nouveau-nés</a></li><li><a href="../../../../b%25C3%25A9b%25C3%25A9/couches,-culottes/3-9-kg/id0/721.html">3-9 kg</a></li><li><a href="../../../../b%25C3%25A9b%25C3%25A9/couches,-culottes/7-20-kg/id0/717.html">7-20 kg</a></li><li><a href="../../../../b%25C3%25A9b%25C3%25A9/couches,-culottes/11-35-kg/id0/719.html">11-35 kg</a></li><li><a href="../../../../b%25C3%25A9b%25C3%25A9/couches,-culottes/culottes/id0/720.html">Culottes</a></li></ul></li><li><h3><a title="RR2047" rel="page-487" href="../../../../id3/410/487.html">Laits bébé</a></h3><ul class="menu"><li><a href="../../../../b%25C3%25A9b%25C3%25A9/laits-b%25C3%25A9b%25C3%25A9/croissance/id0/725.html">Croissance</a></li><li><a href="../../../../b%25C3%25A9b%25C3%25A9/laits-b%25C3%25A9b%25C3%25A9/laits-1er-age/id0/722.html">Laits 1er Age</a></li><li><a href="../../../../b%25C3%25A9b%25C3%25A9/laits-b%25C3%25A9b%25C3%25A9/laits-2%25C3%25A8me-age/id0/723.html">Laits 2ème Age</a></li><li><a href="../../../../b%25C3%25A9b%25C3%25A9/laits-b%25C3%25A9b%25C3%25A9/laits-infantiles-bio/id0/724.html">Laits Infantiles Bio</a></li></ul></li><li><h3><a title="RR2046" rel="page-488" href="../../../../id3/410/488.html">Alimentation bébé</a></h3><ul class="menu"><li><a href="../../../../b%25C3%25A9b%25C3%25A9/alimentation-b%25C3%25A9b%25C3%25A9/petit-d%25C3%25A9jeuner/id0/727.html">Petit-déjeuner</a></li><li><a href="../../../../b%25C3%25A9b%25C3%25A9/alimentation-b%25C3%25A9b%25C3%25A9/petits-pots,-assiettes/id0/729.html">Petits Pots, Assiettes</a></li><li><a href="../../../../b%25C3%25A9b%25C3%25A9/alimentation-b%25C3%25A9b%25C3%25A9/go%25C3%25BBters,-desserts/id0/730.html">Goûters, Desserts</a></li><li><a href="../../../../b%25C3%25A9b%25C3%25A9/alimentation-b%25C3%25A9b%25C3%25A9/boissons/id0/728.html">Boissons</a></li><li><a href="../../../../b%25C3%25A9b%25C3%25A9/alimentation-b%25C3%25A9b%25C3%25A9/alimentation-b%25C3%25A9b%25C3%25A9-bio/id0/726.html">Alimentation Bébé Bio</a></li></ul></li><li><h3><a title="RR2049" rel="page-489" href="../../../../id3/410/489.html">Toilette et Soin</a></h3><ul class="menu"><li><a href="../../../../b%25C3%25A9b%25C3%25A9/toilette-et-soin/cotons,-lingettes/id0/731.html">Cotons, Lingettes</a></li><li><a href="../../../../b%25C3%25A9b%25C3%25A9/toilette-et-soin/toilette/id0/732.html">Toilette</a></li><li><a href="../../../../b%25C3%25A9b%25C3%25A9/toilette-et-soin/soins/id0/733.html">Soins</a></li><li><a href="../../../../b%25C3%25A9b%25C3%25A9/toilette-et-soin/accessoires-de-pu%25C3%25A9riculture/id0/736.html">Accessoires de Puériculture</a></li><li><a href="../../../../b%25C3%25A9b%25C3%25A9/toilette-et-soin/pour-la-maman/id0/734.html">Pour la Maman</a></li></ul></li></ul><?xml version="1.0" encoding="UTF-8"?><a href="http://www.refonte.auchandirect.fr/rayon/112962"><img src="http://www.refonte.auchandirect.fr/static/S0213bebe.jpg" alt="Auchan Baby r&eacute;gale les b&eacute;b&eacute;s" title="Auchan Baby r&eacute;gale les b&eacute;b&eacute;s" width="150" height="275" /></a>    
<div class="clear"></div></div><div class="clear"></div></div></div></div></li><li><a title="RR1001" href="818.html#">Bio<br/>Ecolo</a><div class="hovered_big_menu" id="4052"><div class="menu-panel"><div class="menu-listes-container float-container"><div class="menu-listes"><ul class="menu menu-horizontal menu_left"><li><h3><a title="RR2002" rel="page-456" href="../../../../id3/405/456.html">Produits Frais et Surgelés Bio</a></h3><ul class="menu"><li><a href="../../../../bio-ecolo/produits-frais-et-surgel%25C3%25A9s-bio/charcuterie,-traiteur/id0/575.html">Charcuterie,  Traiteur</a></li><li><a href="../../../../bio-ecolo/produits-frais-et-surgel%25C3%25A9s-bio/fruits,-l%25C3%25A9gumes/id0/574.html">Fruits,  Légumes</a></li><li><a href="../../../../bio-ecolo/produits-frais-et-surgel%25C3%25A9s-bio/laitages,-oeufs/id0/576.html">Laitages, Oeufs</a></li><li><a href="../../../../bio-ecolo/produits-frais-et-surgel%25C3%25A9s-bio/surgel%25C3%25A9s/id0/577.html">Surgelés</a></li><li><a href="../../../../bio-ecolo/produits-frais-et-surgel%25C3%25A9s-bio/viandes,-volailles,-poissons/id0/578.html">Viandes,  Volailles,  Poissons</a></li></ul></li><li><h3><a title="RR2003" rel="page-458" href="../../../../id3/405/458.html">Epicerie Bio</a></h3><ul class="menu"><li><a href="../../../../bio-ecolo/epicerie-bio/biscuits,-epicerie-sucr%25C3%25A9e/id0/567.html">Biscuits,  Epicerie Sucrée</a></li><li><a href="../../../../bio-ecolo/epicerie-bio/petit-d%25C3%25A9jeuner/id0/573.html">Petit-déjeuner</a></li><li><a href="../../../../bio-ecolo/epicerie-bio/conserves,-plats-cuisin%25C3%25A9s/id0/565.html">Conserves,  Plats Cuisinés</a></li><li><a href="../../../../bio-ecolo/epicerie-bio/p%25C3%25A2tes,-riz,-c%25C3%25A9r%25C3%25A9ales/id0/570.html">Pâtes,  Riz,  Céréales</a></li><li><a href="../../../../bio-ecolo/epicerie-bio/sauces,-condiments/id0/572.html">Sauces,  Condiments</a></li></ul></li><li><h3><a title="RR2004" rel="page-455" href="../../../../id3/405/455.html">Boissons Bio</a></h3><ul class="menu"><li><a href="../../../../bio-ecolo/boissons-bio/alcools/id0/554.html">Alcools</a></li><li><a href="../../../../bio-ecolo/boissons-bio/jus-de-fruits,-l%25C3%25A9gumes/id0/557.html">Jus de Fruits,  Légumes</a></li><li><a href="../../../../bio-ecolo/boissons-bio/lait,-soja,-riz/id0/563.html">Lait,  Soja, riz</a></li></ul></li><li><h3><a title="RR2001" rel="page-454" href="../../../../id3/405/454.html">Bébé Bio</a></h3><ul class="menu"><li><a href="../../../../bio-ecolo/b%25C3%25A9b%25C3%25A9-bio/alimentation-b%25C3%25A9b%25C3%25A9/id0/558.html">Alimentation Bébé</a></li><li><a href="../../../../bio-ecolo/b%25C3%25A9b%25C3%25A9-bio/laits-b%25C3%25A9b%25C3%25A9/id0/556.html">Laits Bébé</a></li><li><a href="../../../../bio-ecolo/b%25C3%25A9b%25C3%25A9-bio/toilette,-soins/id0/555.html">Toilette, Soins</a></li></ul></li><li><h3><a title="RR2005" rel="page-457" href="../../../../id3/405/457.html">Entretien,  Hygiène Bio Ecolo</a></h3><ul class="menu"><li><a href="../../../../bio-ecolo/entretien,-hygi%25C3%25A8ne-bio-ecolo/entretien/id0/559.html">Entretien</a></li><li><a href="../../../../bio-ecolo/entretien,-hygi%25C3%25A8ne-bio-ecolo/soins-de-la-personne/id0/562.html">Soins de la Personne</a></li><li><a href="../../../../bio-ecolo/entretien,-hygi%25C3%25A8ne-bio-ecolo/piles,-ampoules/id0/564.html">Piles, Ampoules</a></li></ul></li></ul><?xml version="1.0" encoding="UTF-8"?><a href="http://www.refonte.auchandirect.fr/rayon/82018"><img src="http://www.refonte.auchandirect.fr/static/150x275_bio.jpg" alt="" width="150" height="275" /></a>   
<div class="clear"></div></div><div class="clear"></div></div></div></div></li><li><a title="RR1010" href="818.html#">Hygiène<br/>Beauté</a><div class="hovered_big_menu" id="4122"><div class="menu-panel"><div class="menu-listes-container float-container"><div class="menu-listes"><ul class="menu menu-horizontal menu_left"><li><h3><a title="RR2038" rel="page-492" href="../../../../id3/412/492.html">Corps</a></h3><ul class="menu"><li><a href="../../../../hygi%25C3%25A8ne-beaut%25C3%25A9/corps/douche,-bain/id0/746.html">Douche, Bain</a></li><li><a href="../../../../hygi%25C3%25A8ne-beaut%25C3%25A9/corps/savons/id0/748.html">Savons</a></li><li><a href="../../../../hygi%25C3%25A8ne-beaut%25C3%25A9/corps/d%25C3%25A9odorants/id0/744.html">Déodorants</a></li><li><a href="../../../../hygi%25C3%25A8ne-beaut%25C3%25A9/corps/cr%25C3%25A8mes,-soins-du-corps/id0/745.html">Crèmes, Soins du Corps</a></li><li><a href="../../../../hygi%25C3%25A8ne-beaut%25C3%25A9/corps/soins-mains,-pieds/id0/751.html">Soins Mains, Pieds</a></li><li><a href="../../../../hygi%25C3%25A8ne-beaut%25C3%25A9/corps/epilation-f%25C3%25A9minine/id0/750.html">Epilation Féminine</a></li><li><a href="../../../../hygi%25C3%25A8ne-beaut%25C3%25A9/corps/hygi%25C3%25A8ne-intime/id0/749.html">Hygiène intime</a></li><li><a href="../../../../hygi%25C3%25A8ne-beaut%25C3%25A9/corps/solaires/id0/754.html">Solaires</a></li></ul></li><li><h3><a title="RR2037" rel="page-491" href="../../../../id3/412/491.html">Cheveux</a></h3><ul class="menu"><li><a href="../../../../hygi%25C3%25A8ne-beaut%25C3%25A9/cheveux/shampooings/id0/743.html">Shampooings</a></li><li><a href="../../../../hygi%25C3%25A8ne-beaut%25C3%25A9/cheveux/apr%25C3%25A8s-shampooings/id0/738.html">Après shampooings</a></li><li><a href="../../../../hygi%25C3%25A8ne-beaut%25C3%25A9/cheveux/masques,-soins-capillaires/id0/741.html">Masques, Soins Capillaires</a></li><li><a href="../../../../hygi%25C3%25A8ne-beaut%25C3%25A9/cheveux/coiffants/id0/740.html">Coiffants</a></li></ul></li><li><h3><a title="RR2036" rel="page-493" href="../../../../id3/412/493.html">Visage</a></h3><ul class="menu"><li><a href="../../../../hygi%25C3%25A8ne-beaut%25C3%25A9/visage/cotons,-lingettes/id0/761.html">Cotons, Lingettes</a></li><li><a href="../../../../hygi%25C3%25A8ne-beaut%25C3%25A9/visage/toilette-du-visage/id0/766.html">Toilette du Visage</a></li><li><a href="../../../../hygi%25C3%25A8ne-beaut%25C3%25A9/visage/soins-dentaires/id0/764.html">Soins Dentaires</a></li><li><a href="../../../../hygi%25C3%25A8ne-beaut%25C3%25A9/visage/soins-du-visage/id0/767.html">Soins du Visage</a></li><li><a href="../../../../hygi%25C3%25A8ne-beaut%25C3%25A9/visage/maquillage/id0/765.html">Maquillage</a></li></ul></li><li><h3><a title="Hommes" rel="page-433468" href="../../../../id3/412/433468.html">Hommes</a></h3><ul class="menu"><li><a href="../../../../hygi%25C3%25A8ne-beaut%25C3%25A9/hommes/rasage,-soins-hommes/id0/763.html">Rasage, Soins Hommes</a></li><li><a href="../../../../hygi%25C3%25A8ne-beaut%25C3%25A9/hommes/cheveux/id0/739.html">Cheveux</a></li><li><a href="../../../../hygi%25C3%25A8ne-beaut%25C3%25A9/hommes/douche,-bain/id0/747.html">Douche, Bain</a></li><li><a href="../../../../hygi%25C3%25A8ne-beaut%25C3%25A9/hommes/d%25C3%25A9odorants/id0/1707.html">Déodorants</a></li></ul></li><li><h3><a title="RR2040" rel="page-494" href="../../../../id3/412/494.html">Papier, Parapharmacie</a></h3><ul class="menu"><li><a href="../../../../hygi%25C3%25A8ne-beaut%25C3%25A9/papier,-parapharmacie/papiers-toilette/id0/753.html">Papiers toilette</a></li><li><a href="../../../../hygi%25C3%25A8ne-beaut%25C3%25A9/papier,-parapharmacie/essuie-tout/id0/752.html">Essuie-tout</a></li><li><a href="../../../../hygi%25C3%25A8ne-beaut%25C3%25A9/papier,-parapharmacie/mouchoirs/id0/756.html">Mouchoirs</a></li><li><a href="../../../../hygi%25C3%25A8ne-beaut%25C3%25A9/papier,-parapharmacie/parapharmacie/id0/495.html">Parapharmacie</a></li><li><a href="../../../../hygi%25C3%25A8ne-beaut%25C3%25A9/papier,-parapharmacie/solaires/id0/759.html">Solaires</a></li></ul></li></ul><?xml version="1.0" encoding="UTF-8"?><a href="../../../../detailProduit/-1/LV0000002179.html"><img src="http://www.refonte.auchandirect.fr/static/S0113_hygiene.jpg" alt="La promo de la semaine au rayon hygiene beaut&eacute;" title="La promo de la semaine au rayon hygiene beaut&eacute;" width="150" height="275" /></a>    
<div class="clear"></div></div><div class="clear"></div></div></div></div></li><li><a title="RR1011" href="818.html#">Entretien</a><div class="hovered_big_menu" id="4142"><div class="menu-panel"><div class="menu-listes-container float-container"><div class="menu-listes"><ul class="menu menu-horizontal menu_left"><li><h3><a title="RR2045" rel="page-499" href="../../../../id3/414/499.html">Papiers</a></h3><ul class="menu"><li><a href="../../../../entretien/papiers/essuies-tout/id0/775.html">Essuies tout</a></li><li><a href="../../../../entretien/papiers/mouchoirs/id0/774.html">Mouchoirs</a></li><li><a href="../../../../entretien/papiers/papiers-toilette/id0/776.html">Papiers toilette</a></li></ul></li><li><h3><a title="RR2041" rel="page-500" href="../../../../id3/414/500.html">Soin du Linge</a></h3><ul class="menu"><li><a href="../../../../entretien/soin-du-linge/lessives/id0/792.html">Lessives</a></li><li><a href="../../../../entretien/soin-du-linge/assouplissants/id0/790.html">Assouplissants</a></li><li><a href="../../../../entretien/soin-du-linge/aides-au-lavage/id0/788.html">Aides au Lavage</a></li></ul></li><li><h3><a title="RR2043" rel="page-497" href="../../../../id3/414/497.html">Produits ménagers</a></h3><ul class="menu"><li><a href="../../../../entretien/produits-m%25C3%25A9nagers/cuisine,-salle-de-bain,-javel/id0/778.html">Cuisine, Salle de bain, Javel</a></li><li><a href="../../../../entretien/produits-m%25C3%25A9nagers/multi-usages/id0/784.html">Multi-usages</a></li><li><a href="../../../../entretien/produits-m%25C3%25A9nagers/lingettes-nettoyantes/id0/780.html">Lingettes Nettoyantes</a></li><li><a href="../../../../entretien/produits-m%25C3%25A9nagers/sols/id0/785.html">Sols</a></li><li><a href="../../../../entretien/produits-m%25C3%25A9nagers/vitres,-meubles/id0/787.html">Vitres, Meubles</a></li><li><a href="../../../../entretien/produits-m%25C3%25A9nagers/wc,-d%25C3%25A9boucheurs/id0/789.html">WC, Déboucheurs</a></li><li><a href="../../../../entretien/produits-m%25C3%25A9nagers/produits-ecolo/id0/786.html">Produits Ecolo</a></li></ul></li><li><h3><a title="RR2042" rel="page-496" href="../../../../id3/414/496.html">Vaisselle</a></h3><ul class="menu"><li><a href="../../../../entretien/vaisselle/lavage-en-machine/id0/793.html">Lavage en Machine</a></li><li><a href="../../../../entretien/vaisselle/liquides-vaisselle/id0/795.html">Liquides Vaisselle</a></li><li><a href="../../../../entretien/vaisselle/gants,-eponges/id0/794.html">Gants, Eponges</a></li></ul></li><li><h3><a title="RR2044" rel="page-498" href="../../../../id3/414/498.html">Cuisine</a></h3><ul class="menu"><li><a href="../../../../entretien/cuisine/sacs-poubelle/id0/773.html">Sacs Poubelle</a></li><li><a href="../../../../entretien/cuisine/aides-%25C3%25A0-la-conservation,-cuisson/id0/768.html">Aides à la Conservation, Cuisson</a></li><li><a href="../../../../entretien/cuisine/bo%25C3%25AEtes-herm%25C3%25A9tiques,-vaisselle-jetable/id0/770.html">Boîtes Hermétiques, Vaisselle Jetable</a></li><li><a href="../../../../entretien/cuisine/ustensiles-de-cuisine,-filtres-%25C3%25A0-caf%25C3%25A9/id0/769.html">Ustensiles de cuisine, Filtres à café</a></li><li><a href="../../../../entretien/cuisine/gants,-eponges/id0/772.html">Gants, Eponges</a></li></ul></li></ul><?xml version="1.0" encoding="UTF-8"?><a href="http://www.refonte.auchandirect.fr/rayon/511866"><img src="http://www.refonte.auchandirect.fr/static/S0113_entretien.jpg" alt="Tout pour la maison" title="Tout pour la maison" width="150" height="275" /></a>    
<div class="clear"></div></div><div class="clear"></div></div></div></div></li><li><a title="RR1013" href="818.html#">Animaux<br/>Maison</a><div class="hovered_big_menu" id="4152"><div class="menu-panel"><div class="menu-listes-container float-container"><div class="menu-listes"><ul class="menu menu-horizontal menu_left"><li><h3><a title="RR2051" rel="page-501" href="../../../../id3/415/501.html">Animaux</a></h3><ul class="menu"><li><a href="../../../../animaux-maison/animaux/chats/id0/797.html">Chats</a></li><li><a href="../../../../animaux-maison/animaux/chiens/id0/798.html">Chiens</a></li><li><a href="../../../../animaux-maison/animaux/rongeurs---autres-animaux/id0/796.html">Rongeurs - Autres animaux</a></li></ul></li><li><h3><a title="RR2054" rel="page-503" href="../../../../id3/415/503.html">Droguerie</a></h3><ul class="menu"><li><a href="../../../../animaux-maison/droguerie/d%25C3%25A9sodorisants/id0/802.html">Désodorisants</a></li><li><a href="../../../../animaux-maison/droguerie/bougies,-allumettes/id0/799.html">Bougies, Allumettes</a></li><li><a href="../../../../animaux-maison/droguerie/insecticides/id0/803.html">Insecticides</a></li><li><a href="../../../../animaux-maison/droguerie/cirages/id0/801.html">Cirages</a></li></ul></li><li><h3><a title="RR2055" rel="page-505" href="../../../../id3/415/505.html">Maison pratique</a></h3><ul class="menu"><li><a href="../../../../animaux-maison/maison-pratique/accessoires-cuisine/id0/804.html">Accessoires Cuisine</a></li><li><a href="../../../../animaux-maison/maison-pratique/ampoules,-piles/id0/806.html">Ampoules, Piles</a></li><li><a href="../../../../animaux-maison/maison-pratique/allumettes/id0/808.html">Allumettes</a></li><li><a href="../../../../animaux-maison/maison-pratique/divers/id0/805.html">Divers</a></li></ul></li><li><h3><a title="RR2056" rel="page-504" href="../../../../id3/415/504.html">Papeterie</a></h3><ul class="menu"><li><a href="../../../../animaux-maison/papeterie/ecriture/id0/813.html">Ecriture</a></li><li><a href="../../../../animaux-maison/papeterie/papiers,-cahiers/id0/812.html">Papiers, Cahiers</a></li><li><a href="../../../../animaux-maison/papeterie/cartouches-imprimantes/id0/809.html">Cartouches imprimantes</a></li></ul></li><li><h3><a title="RR2052" rel="page-502" href="../../../../id3/415/502.html">Textile</a></h3><ul class="menu"><li><a href="../../../../animaux-maison/textile/collants,-leggings/id0/815.html">Collants, Leggings</a></li><li><a href="../../../../animaux-maison/textile/bas,-mi-bas/id0/814.html">Bas, Mi-bas</a></li></ul></li></ul><?xml version="1.0" encoding="UTF-8"?><a href="../../../../animaux-maison/animaux/liti%25C3%25A8re-compacte-hyper-absorbante/id1/501/23329.html"><img src="http://www.refonte.auchandirect.fr/static/S0113_animaux.jpg" alt="La promo des animaux" title="La promo des animaux" width="150" height="275" /></a>    
<div class="clear"></div></div><div class="clear"></div></div></div></div></li><li><a title="titre Boutiques" rel="page-boutiques" href="818.html#">Boutiques</a><div class="hovered_big_menu" id="4152"><div class="menu-panel"><div class="menu-listes-container float-container"><?xml version="1.0" encoding="UTF-8"?><div class="boutique-cont" style="background: none repeat scroll 0% 0% #ffffff; border-radius: 8px 8px 8px 8px; padding: 5px">
<div class="promo-moment" style="width: 590px; margin: 0px 0px 10px; float: left">
<h1>&Agrave; ne pas rater en ce moment</h1>
<ul>
	<li style="padding: 0px 12px; margin: 17px 0px">	
	<a style="background: none repeat scroll 0% 0% transparent ! important; border-left: medium none ! important; margin: 0px ! important; height: auto" href="http://www.refonte.auchandirect.fr/rayon/510514"><img src="http://www.refonte.auchandirect.fr/static/produitsfestifs.jpg" alt="Destockage!" /></a>	
	<h2>Destockage sur les produits festifs !</h2>	
	<p>
	Jusqu'&agrave; -50% vous attendent sur une selection de produits festifs...	
	</p>
	<a href="http://www.refonte.auchandirect.fr/rayon/510514">&gt;&gt; Voir les offres</a>	</li>	
	<li style="padding: 0px 12px; margin: 17px 0px"><a style="background: none repeat scroll 0% 0% transparent ! important; border-left: medium none ! important; margin: 0px ! important; height: auto" href="../../../../rayon.customerinfos.minibasket.validatebasket%3Ft:ac=promos.html"><img src="http://www.refonte.auchandirect.fr/static/promos2013.gif" alt="Bonne Ann&eacute;e!" /> 	</a>	
	<h2>Bonne Ann&eacute;e !</h2>	
	<p>
	Retrouvez les premi&egrave;res promotions de l'ann&eacute;e...	
	</p>
	<a href="../../../../rayon.customerinfos.minibasket.validatebasket%3Ft:ac=promos.html">&gt;&gt; Voir les offres</a>	</li>
</ul>
</div>
<div class="produits-a-decouvrir" style="float: right; margin: 0px 0px 10px">
<h2 style="color: #ffffff; background: none repeat scroll 0% 0% #ff7f1e; border-radius: 6px 6px 0px 0px">Je ma&icirc;trise mon budget</h2>
<ul>
	<li class="first-bord" style="float: left; border-top: 1px solid #ff7f1e ! important; padding-left: 9px">	<a style="background: none repeat scroll 0% 0% transparent ! important; border-left: medium none ! important; padding: 0px; margin: 0px ! important; float: left" href="http://www.refonte.auchandirect.fr/rayon/471412"><img src="http://www.refonte.auchandirect.fr/static/produitsauchan2.gif" alt="Produits Auchan" /></a>  	
	<div class="infos">
	<h3 style="font-size: 1.2em">Produits Auchan</h3>	
	<p style="font-size: 12px">
	Retrouvez une s&eacute;lection de pr&egrave;s de 100 produits Auchan du quotidien &agrave; petit prix	
	</p>
	<a style="border: medium none ! important; padding-left: 0px ! important" href="http://www.refonte.auchandirect.fr/rayon/471412">&gt;&gt; 	Parcourir</a>	
	</div>
	</li>	
	<li style="float: left; padding-left: 9px">	
	<a style="background: none repeat scroll 0% 0% transparent ! important; border-left: medium none ! important; padding: 0px; margin: 0px ! important; float: left" href="http://www.refonte.auchandirect.fr/rayon/82018"><img src="http://www.refonte.auchandirect.fr/static/bio1euro.gif" alt="Bioa1euro" /></a>
	<div class="infos">
	<h3 style="font-size: 1.2em">Le bio &agrave; moins d' 1 euro</h3>
	<p style="font-size: 12px">
	Restez bio toute l'ann&eacute;e sans vous ruiner !<a style="border: medium none ! important; padding-left: 0px ! important" href="http://www.refonte.auchandirect.fr/rayon/82018">&gt;&gt; D&eacute;couvrir</a>	
	</p>
	</div>
	</li>	
	<li style="float: left; padding-left: 9px">	<a style="background: none repeat scroll 0% 0% transparent ! important; border-left: medium none ! important; padding: 0px; margin: 0px ! important; float: left"><img src="http://www.refonte.auchandirect.fr/static/riketrok.gif" alt="Rik et Rok" /></a>	
	<div class="infos">
	<h3 style="font-size: 1.2em">Rik&amp;Rok</h3>	
	<p style="font-size: 12px">
	La gamme ludique et savoureuse pour le plus grand bonheur de vos enfants !	
	</p>
	<a style="border: medium none ! important; padding-left: 0px ! important" href="http://www.refonte.auchandirect.fr/rayon/562314">&gt;&gt; D&eacute;couvrir</a>	
	</div>
	</li>
</ul>
</div>
<div class="promo-bottom" style="margin: 0px ! important; overflow: hidden">
<a style="background: none repeat scroll 0% 0% transparent ! important; border-left: medium none ! important; padding: 0px; margin: 0px ! important; float: left" href="http://auchandirect.photobox.fr/content/private-sales?cid=banvpi012013"><img src="http://www.refonte.auchandirect.fr/static/photobox.jpg" alt="Auchan direct photo" /></a>
<h1 style="width: 440px">Jusqu'au 13 Janvier minuit retrouvez nos offres priv&eacute;es :<span> jusqu'&agrave; -70% !</span></h1>
<a style="border: medium none ! important" href="http://auchandirect.photobox.fr/content/private-sales?cid=banvpi012013" class="btn-offre">J'y vais !</a>
</div>
</div>
</div></div></div></li></ul></div><div><script language="javascript">
var tc_vars = new Array();
/* Partie Environnement */
tc_vars["env_template"]="Sous Rayon";
tc_vars["env_work"]="prod";
tc_vars["env_channel"]="web";
tc_vars["env_language"]="français";
tc_vars["env_country"]="France";
tc_vars["env_dnt"]="disabled";
/* Partie Users */
tc_vars["user_rcw"]="";
tc_vars["user_id"]="";
tc_vars["user_gender"]="";
tc_vars["user_category"]="";
tc_vars["user_recency"]="";
tc_vars["user_frequency"]="";
tc_vars["user_amount"]="";
tc_vars["user_smb"]="";
tc_vars["user_logged"]="0";
tc_vars["user_age"]="";
tc_vars["user_scoring"]="000";
tc_vars["user_store"]="Morangis";
tc_vars["user_postalcode"]="91420";
/* Partie Tree structure */
tc_vars["page_cat1"]="Boissons";
tc_vars["page_cat2"]="Vins et Champagnes";
tc_vars["page_cat3"]="Champagnes et vins pétillants";
tc_vars["page_name"]="Courses en ligne, livraison à domicile en 24h - Auchandirect.fr";
tc_vars["page_error"]="";
/* Partie Panier */
tc_vars["order_id"]="";
tc_vars["basket_id"]="0";
tc_vars["order_amount_ati_without_sf"]="";
tc_vars["order_amount_ati_with_sf"]="";
tc_vars["order_discount_ati"]="";
tc_vars["order_ship_ati"]="";
tc_vars["order_amount_tf_without_sf"]="";
tc_vars["order_amount_tf_with_sf"]="";
tc_vars["order_discount_tf"]="";
tc_vars["order_ship_tf"]="";
tc_vars["order_newcustomer"]="";
tc_vars["order_tax"]="";
tc_vars["order_payment_methods"]="";
tc_vars["order_shipping_method"]="LAD";
tc_vars["order_status"]="";
tc_vars["order_promo_codes"]="";
tc_vars["order_currency"]="";
tc_vars["order_email"]="";
tc_vars["order_email_optin"]="";
tc_vars["order_products_number"]="0";

tc_vars["order_products"] = new Array();

/* Partie Produit */
tc_vars["product_id"]="";
tc_vars["product_id_cug"]="";
tc_vars["product_id_upsell1"]="";
tc_vars["product_id_upsell2"]="";
tc_vars["product_id_upsell3"]="";
tc_vars["product_id_crossell1"]="";
tc_vars["product_id_crossell2"]="";
tc_vars["product_id_crossell3"]="";
tc_vars["product_name"]="";
tc_vars["product_unitprice_ati"]="";
tc_vars["product_unitprice_tf"]="";
tc_vars["product_currency"]="";
tc_vars["product_trademark"]="";
tc_vars["product_url_page"]="";
tc_vars["product_url_picture"]="";
tc_vars["product_isbundle"]="";
tc_vars["product_breadcrumb_id"]="";
tc_vars["product_breadcrumb_label"]="";
tc_vars["product_rating"]="";
tc_vars["product_instock"]="";
/* Partie Liste Produit */
tc_vars["list_products"] = new Array();

tc_vars["list_products"][0] = new Array();
tc_vars["list_products"][0]["list_product_id"]="56049";
tc_vars["list_products"][0]["list_product_id_cug"]="35103";
tc_vars["list_products"][0]["list_product_id_upsell1"]="";
tc_vars["list_products"][0]["list_product_id_upsell2"]="";
tc_vars["list_products"][0]["list_product_id_upsell3"]="";
tc_vars["list_products"][0]["list_product_id_crossell1"]="";
tc_vars["list_products"][0]["list_product_id_crossell2"]="";
tc_vars["list_products"][0]["list_product_id_crossell3"]="";
tc_vars["list_products"][0]["list_product_name"]="Saumur blanc brut";
tc_vars["list_products"][0]["list_product_unitprice_ati"]="6.42€";
tc_vars["list_products"][0]["list_product_discount_ati"]="0.00€";
tc_vars["list_products"][0]["list_product_unitprice_tf"]="6.42€";
tc_vars["list_products"][0]["list_product_currency"]="EUR";
tc_vars["list_products"][0]["list_product_trademark"]="ACKERMAN";
tc_vars["list_products"][0]["list_product_url_page"]="http://www.refonte.auchandirect.fr/detailproduit/506/35103";
tc_vars["list_products"][0]["list_product_url_picture"]="http://www.refonte.auchandirect.fr/static/images/products/detail/35103.jpg";
tc_vars["list_products"][0]["list_product_isbundle"]="N";
tc_vars["list_products"][0]["list_product_breadcrumb_id"]="506";
tc_vars["list_products"][0]["list_product_breadcrumb_label"]="Vins et Champagnes";
tc_vars["list_products"][0]["list_product_rating"]="";
tc_vars["list_products"][0]["list_product_instock"]="Y";
tc_vars["list_products"][0]["list_product_totalprice_tf"]="6.42€"
tc_vars["list_products"][0]["list_product_trademark"]="ACKERMAN"

tc_vars["list_products"][1] = new Array();
tc_vars["list_products"][1]["list_product_id"]="59737";
tc_vars["list_products"][1]["list_product_id_cug"]="101013";
tc_vars["list_products"][1]["list_product_id_upsell1"]="";
tc_vars["list_products"][1]["list_product_id_upsell2"]="";
tc_vars["list_products"][1]["list_product_id_upsell3"]="";
tc_vars["list_products"][1]["list_product_id_crossell1"]="";
tc_vars["list_products"][1]["list_product_id_crossell2"]="";
tc_vars["list_products"][1]["list_product_id_crossell3"]="";
tc_vars["list_products"][1]["list_product_name"]="Champagne brut";
tc_vars["list_products"][1]["list_product_unitprice_ati"]="21.69€";
tc_vars["list_products"][1]["list_product_discount_ati"]="0.00€";
tc_vars["list_products"][1]["list_product_unitprice_tf"]="21.69€";
tc_vars["list_products"][1]["list_product_currency"]="EUR";
tc_vars["list_products"][1]["list_product_trademark"]="ALFRED ROTHSCHILD";
tc_vars["list_products"][1]["list_product_url_page"]="http://www.refonte.auchandirect.fr/detailproduit/506/101013";
tc_vars["list_products"][1]["list_product_url_picture"]="http://www.refonte.auchandirect.fr/static/images/products/detail/101013.jpg";
tc_vars["list_products"][1]["list_product_isbundle"]="N";
tc_vars["list_products"][1]["list_product_breadcrumb_id"]="506";
tc_vars["list_products"][1]["list_product_breadcrumb_label"]="Vins et Champagnes";
tc_vars["list_products"][1]["list_product_rating"]="";
tc_vars["list_products"][1]["list_product_instock"]="Y";
tc_vars["list_products"][1]["list_product_totalprice_tf"]="21.69€"
tc_vars["list_products"][1]["list_product_trademark"]="ALFRED ROTHSCHILD"

tc_vars["list_products"][2] = new Array();
tc_vars["list_products"][2]["list_product_id"]="59742";
tc_vars["list_products"][2]["list_product_id_cug"]="101014";
tc_vars["list_products"][2]["list_product_id_upsell1"]="";
tc_vars["list_products"][2]["list_product_id_upsell2"]="";
tc_vars["list_products"][2]["list_product_id_upsell3"]="";
tc_vars["list_products"][2]["list_product_id_crossell1"]="";
tc_vars["list_products"][2]["list_product_id_crossell2"]="";
tc_vars["list_products"][2]["list_product_id_crossell3"]="";
tc_vars["list_products"][2]["list_product_name"]="Champagne demi-sec";
tc_vars["list_products"][2]["list_product_unitprice_ati"]="21.27€";
tc_vars["list_products"][2]["list_product_discount_ati"]="0.00€";
tc_vars["list_products"][2]["list_product_unitprice_tf"]="21.27€";
tc_vars["list_products"][2]["list_product_currency"]="EUR";
tc_vars["list_products"][2]["list_product_trademark"]="ALFRED ROTHSCHILD";
tc_vars["list_products"][2]["list_product_url_page"]="http://www.refonte.auchandirect.fr/detailproduit/506/101014";
tc_vars["list_products"][2]["list_product_url_picture"]="http://www.refonte.auchandirect.fr/static/images/products/detail/101014.jpg";
tc_vars["list_products"][2]["list_product_isbundle"]="N";
tc_vars["list_products"][2]["list_product_breadcrumb_id"]="506";
tc_vars["list_products"][2]["list_product_breadcrumb_label"]="Vins et Champagnes";
tc_vars["list_products"][2]["list_product_rating"]="";
tc_vars["list_products"][2]["list_product_instock"]="Y";
tc_vars["list_products"][2]["list_product_totalprice_tf"]="21.27€"
tc_vars["list_products"][2]["list_product_trademark"]="ALFRED ROTHSCHILD"

tc_vars["list_products"][3] = new Array();
tc_vars["list_products"][3]["list_product_id"]="54327";
tc_vars["list_products"][3]["list_product_id_cug"]="1753";
tc_vars["list_products"][3]["list_product_id_upsell1"]="";
tc_vars["list_products"][3]["list_product_id_upsell2"]="";
tc_vars["list_products"][3]["list_product_id_upsell3"]="";
tc_vars["list_products"][3]["list_product_id_crossell1"]="";
tc_vars["list_products"][3]["list_product_id_crossell2"]="";
tc_vars["list_products"][3]["list_product_id_crossell3"]="";
tc_vars["list_products"][3]["list_product_name"]="Crémant brut";
tc_vars["list_products"][3]["list_product_unitprice_ati"]="7.56€";
tc_vars["list_products"][3]["list_product_discount_ati"]="0.00€";
tc_vars["list_products"][3]["list_product_unitprice_tf"]="7.56€";
tc_vars["list_products"][3]["list_product_currency"]="EUR";
tc_vars["list_products"][3]["list_product_trademark"]="BORDEAUX";
tc_vars["list_products"][3]["list_product_url_page"]="http://www.refonte.auchandirect.fr/detailproduit/506/1753";
tc_vars["list_products"][3]["list_product_url_picture"]="http://www.refonte.auchandirect.fr/static/images/products/detail/1753.jpg";
tc_vars["list_products"][3]["list_product_isbundle"]="N";
tc_vars["list_products"][3]["list_product_breadcrumb_id"]="506";
tc_vars["list_products"][3]["list_product_breadcrumb_label"]="Vins et Champagnes";
tc_vars["list_products"][3]["list_product_rating"]="";
tc_vars["list_products"][3]["list_product_instock"]="Y";
tc_vars["list_products"][3]["list_product_totalprice_tf"]="7.56€"
tc_vars["list_products"][3]["list_product_trademark"]="BORDEAUX"

tc_vars["list_products"][4] = new Array();
tc_vars["list_products"][4]["list_product_id"]="59696";
tc_vars["list_products"][4]["list_product_id_cug"]="100939";
tc_vars["list_products"][4]["list_product_id_upsell1"]="";
tc_vars["list_products"][4]["list_product_id_upsell2"]="";
tc_vars["list_products"][4]["list_product_id_upsell3"]="";
tc_vars["list_products"][4]["list_product_id_crossell1"]="";
tc_vars["list_products"][4]["list_product_id_crossell2"]="";
tc_vars["list_products"][4]["list_product_id_crossell3"]="";
tc_vars["list_products"][4]["list_product_name"]="Champagne brut";
tc_vars["list_products"][4]["list_product_unitprice_ati"]="22.32€";
tc_vars["list_products"][4]["list_product_discount_ati"]="0.00€";
tc_vars["list_products"][4]["list_product_unitprice_tf"]="22.32€";
tc_vars["list_products"][4]["list_product_currency"]="EUR";
tc_vars["list_products"][4]["list_product_trademark"]="CANARD DUCHENE";
tc_vars["list_products"][4]["list_product_url_page"]="http://www.refonte.auchandirect.fr/detailproduit/506/100939";
tc_vars["list_products"][4]["list_product_url_picture"]="http://www.refonte.auchandirect.fr/static/images/products/detail/100939.jpg";
tc_vars["list_products"][4]["list_product_isbundle"]="N";
tc_vars["list_products"][4]["list_product_breadcrumb_id"]="506";
tc_vars["list_products"][4]["list_product_breadcrumb_label"]="Vins et Champagnes";
tc_vars["list_products"][4]["list_product_rating"]="";
tc_vars["list_products"][4]["list_product_instock"]="Y";
tc_vars["list_products"][4]["list_product_totalprice_tf"]="22.32€"
tc_vars["list_products"][4]["list_product_trademark"]="CANARD DUCHENE"

/* Partie Recherche */
tc_vars["search_keywords"]="";
tc_vars["search_page_number"]="";
tc_vars["search_results_number"]="";
tc_vars["search_filters"]="";
</script><script src="http://www.refonte.auchandirect.fr/static/scripts/tc_AuchanDirect_1.js" type="text/javascript"></script><NOSCRIPT><IFRAME height="1" width="1" src="http://redirect234.tagcommander.com/utils/noscript.php?id=1&amp;mode=iframe"></IFRAME></NOSCRIPT></div><div class="float-container" id="content"><div class="top-content float-container"><div class="main-content"><div class="float-container" id="breadcrumb"><div id="breadcrumb-container"><form onsubmit="javascript:Tapestry.waitForPage(event);" action="http://www.refonte.auchandirect.fr/rayon.breadcrumbcategory.breadselectform" method="post" id="breadSelectForm" name="breadSelectForm"><div class="t-invisible"><input value="818" name="t:ac" type="hidden"></input><input value="H4sIAAAAAAAAAL2SP0hcQRDGV4lCsJGA6cQIWli4Kt67E0X8B5fmMHIvCmkCs7tz58Z9u8/dfeoRSG2RPp0gpEtia6+F2NhE7ANpAyGBVArZFwWrxDs8Ui27M3zf95vZj99I1/YA6a9Cw+hpZhEEt1nCOHisG9ugypjUWUKNrVNIga8j9ZCi87YRUW4sKsnCmaRGo/aOVkL/UDT67PRihLw+7SRkJ22//sSLr59+1g4/7zetv9ySfjXUQyn2QaVsTRLnN7GkZGhZA5Xh6Luj813y5KqTdFRID78tePKo8gq2YEyBro/F3kpdn9lJPSkHDwreuG1jlVBSI7WSQsbXQVMhLXJPa9ZoTwV4oIs5yVJO8txsoJ4vMSFEiZXaP8vCj7Q28vTxh7kmZ7lJ3pAH9+aZFMVJxOhuntzu4f9KFfEimyoWonalanUXxfHe71Mv37+dvd7FIBn4q75DFWCCQ/RPBwYO6QILj8B9WaISQzH6LB1ePe750ndyefOBw0SsUcuQYE7WlX/Y7muH5kIstBpixRqOzsUZS6Rz0ujjA1Go/do7+0P+G6TbOGuWBAAA" name="t:formdata" type="hidden"></input></div><p class="menu-horizontal"><a href="../../../../loadswitcher.html">Accueil</a> &gt;
<a href="http://www.refonte.auchandirect.fr/id2/411">Boissons</a> &gt;
<a href="../../../../id3/411/506.html">Vins et Champagnes</a> &gt;
<select onChange="window.location.href='/rayon/' + options[selectedIndex].value;" class="form-select" id="select" name="select"><option value="822">Vins rouges</option><option value="819">Vins blancs</option><option value="821">Vins rosés</option><option selected="selected" value="818">Champagnes et vins pétillants</option></select><img id="select-icon" class="t-error-icon t-invisible" alt="" src="http://www.refonte.auchandirect.fr/assets/tapestry/5.1.0.5/spacer.gif"/></p><input style="display:none;" id="breadSelectFormSubmit" type="submit"></input></form></div></div><!-- zone edit - Bannière haute --><div class="zone-admin diff-zone"></div><!-- DEBUT DE LA BARRE TITRE --><!-- div id="wrap-liste-produits-nav" class="">
						<div id="liste-produits-nav" class="clear-container float-container">
					
							
							
							<div id="liste-produits-tri" class="float-container">
							
							<div class="titre-produits">
								<h2>
									<span class="titre-principal">
										<t:outputraw value="categoryTitle" />
									</span>
									<span class="titre-secondaire"> ${nbProductsMsg}</span>
								</h2>
							</div>
							
							<t:zone t:id="headerListZone" t:update="show">
							<form t:type="form" t:id="sortForm" t:zone="productListZone" t:autofocus="false">
							<p class="liste-produits-choix-affichage" t:type="zone" t:update="show" id="productDisplayTypeZone">
									<p class="liste-produits-choix-affichage">
										<select t:type="select" t:id="sort" class="form-select" t:blankOption="NEVER" onChange="document.getElementById('sortBySubmit').click();" />
										<input type="submit" id="sortBySubmit" style="display:none;" />
										
										<a t:type="actionlink" t:id="list" t:zone="productListZone" class="bt-liste ${pdtDisplayListStyle}">${message:category.display.type.list}</a>
										<a t:type="actionlink" t:id="thumbnail" t:zone="productListZone" class="bt-grille ${pdtDisplayGridStyle}">${message:category.display.type.thumbnail}</a>
									</p>
								</p>
								</form>
								
								</t:zone>
								
								
							</div>
							
							<ul t:type="zone" id="labelZone" t:update="show" class="liste-produits-menu menu menu-horizontal clear-container">
								<t:delegate to="labelBlock" / --><!-- liste des capsules de tri (marques) --><!-- t:block t:id="labelBlock">
									
									<li class="item">
									<t:if test="isAllSubCatActive">
											<a class="active">${message:category.sub.all}</a>
										<p:else>
											<a t:type="actionlink" t:zone="labelZone" t:id="showAll">${message:category.sub.all}</a>
										</p:else>
									</t:if>
									</li>	
										
									<t:if test="specificCategory">
										<t:loop source="categoriesAll" value="cat">
											<li class="item">
												<t:if test="isCatDisable">
													<a class="non_active">${cat.label}</a>
												<p:else>
													<t:if test="isCatActive">
														<a class="active">${cat.label}</a>
													<p:else>
														<a t:type="actionlink" t:zone="labelZone" t:id="viewCat" t:context="cat.shelfId">${cat.label}</a>
													</p:else>
													</t:if>
												</p:else>
												</t:if>
											</li>
										</t:loop>
									</t:if>	
										
									<t:unless test="specificCategory">
										<t:loop source="subCategories" value="subCat">
											<li class="item">
												<t:if test="isSubCatDisable">
													<a class="non_active">${subCat.label}</a>
												<p:else>
													<t:if test="isSubCatActive">
														<a class="active">${subCat.label}</a>
													<p:else>
														<a t:type="actionlink" t:zone="labelZone" t:id="viewSubCat" t:context="subCat.shelfId">${subCat.label}</a>
													</p:else>
													</t:if>
												</p:else>
												</t:if>
											</li>
										</t:loop>
										
										<t:if test="hasBioFilter">
											<li class="bio">
												<a t:type="actionlink" t:zone="labelZone" t:id="bioLabel">${message:category.label.bio}</a>
											</li>
										</t:if>
										
									</t:unless>
									
								<t:if test="showPromo">
									<t:if test="isPromoCatActive">
										<li class="item caseprom">
											<a class="menu-top-promos activo" title="promos">${message:specificcategory.promotions}</a>
										</li>
									<p:else>
										<li class="item">
											<a class="menu-top-promos" title="promos" t:type="actionlink" t:zone="productListZone" t:id="filterPromos">${message:specificcategory.promotions}</a>
										</li>
									</p:else>
									</t:if>
									<p:else>
										<t:if test="isNotPromoPage">
											<li class="item">
												<a class="non_active" title="promos">${message:specificcategory.promotions}</a>
											</li>
										</t:if>
									</p:else>
								</t:if>
								
								<t:if test="showNews">
									<t:if test="isNewsCatActive">
										<li class="item">
											<a class="menu-top-nouveautes activon" title="nouveautes">${message:specificcategory.news}</a>
										</li>
									<p:else>
										<li class="item">
											<a class="menu-top-nouveautes" title="nouveautes" t:type="actionlink" t:zone="productListZone" t:id="filterNews">${message:specificcategory.news}</a>
										</li>
									</p:else>
									</t:if>
									<p:else>
										<t:if test="isNotNewsPage">
											<li class="item">
												<a class="non_active" title="nouveautes">${message:specificcategory.news}</a>
											</li>
										</t:if>
									</p:else>
								</t:if>
								
								<t:if test="showPdtAuchan">
									<t:if test="isAuchanCatActive">
										<li class="item">
											<a class="menu-top-produits-auchan activen" title="produits Auchan">${message:specificcategory.retailer_brand}</a>
										</li>
										<p:else>
											<li class="item">
												<a class="menu-top-produits-auchan" title="produits Auchan" t:type="actionlink" t:zone="productListZone" t:id="filterAuchan">${message:specificcategory.retailer_brand}</a>
											</li>
										</p:else>
									</t:if>
									<p:else>
										<t:if test="isNotAuchanPage">
											<li class="item">
												<a class="non_active" title="produits Auchan">${message:specificcategory.retailer_brand}</a>
											</li>
										</t:if>
									</p:else>
								</t:if>
								</t:block>
						</ul>
						</div>
						
						<div class="clear"></div>
						
						<t:zone t:id="moreProductListZone" t:update="show">
						<t:if test="!specificCategory">
								<t:if test="brands">
										<t:if test="isBrandFilterExpanded">
											<p class="link_hide_marque" style="display: block;">
											<a t:type="actionlink" t:zone="labelZone" t:id="hideAllBrands" title="${message:category.brands.hide.title}">${maskAllBrandsLink}</a>
											<img src="/static/images/down_arrow.png" />
											</p>
											
												<ul id="" class="liste-produits-menu menu menu-horizontal clear-container marques_liste" style="display: block;">
													<t:loop source="brands" value="brand">
														<li class="item">
															<t:if test="isBrandDisable">
																<a class="non_active">${brand}</a>
															<p:else>
																<t:if test="isBrandActive">
																	<a class="active">${brand}</a>
																<p:else>
																	<a t:type="actionlink" t:zone="labelZone" t:id="viewBrand" t:context="brand">${brand}</a>
																</p:else>
																</t:if>
															</p:else>
															</t:if>
														</li>
													</t:loop>
												</ul>
											
										<p:else>
											<p class="link_show_marque" style="display: block;">
											<a t:type="actionlink" t:zone="labelZone" t:id="viewAllBrands" title="${viewAllBrandsTitle}">${viewAllBrandsLink}</a>
											<img src="/static/images/down_arrow.png" />
											</p>
										</p:else>
										</t:if>
								</t:if>
							</t:if>
						</t:zone>
						
						</div --><!-- FIN DE LA BARRE TITRE --><div><!-- ***************** DEBUT DU BLOC TITRE ***************** --><div class="" id="wrap-liste-produits-nav"><div class="clear-container float-container" id="liste-produits-nav"><div class="float-container" id="liste-produits-tri"><div class="titre-produits"><h1><span class="titre-principal">Champagnes et vins pétillants</span><span class="titre-secondaire"> - 51 produits</span></h1></div><div class="t-zone" id="headerListZone"><form onsubmit="javascript:Tapestry.waitForPage(event);" action="http://www.refonte.auchandirect.fr/rayon.productgridorlist.sortform" method="post" id="sortForm" name="sortForm"><div class="t-invisible"><input value="818" name="t:ac" type="hidden"></input><input value="H4sIAAAAAAAAAJXOMZJBQRCA4aaIZKpkWxuRjoTERhKR2lJeOUC/eeMZNaanuvvtchknUC4hkLnDHmBTkQA3IP2T/zv8Q/P3Ez7muKM4SkxFZbVkXxAHL2qEWIVhSFwaTGhXzigmJ8q7obHELvjc5CjOjPNHRKsT70LRzZxWqbc4tf4651sdalNoWYrKFL5x4xTa0zX+YD9gLPuZso/l1zYpNJ6/Fzzjdz0zJutEsirfeBFP8XQsBsvr/lIH2KY7aUKP/AYBAAA=" name="t:formdata" type="hidden"></input></div><p class="liste-produits-choix-affichage t-zone" id="productDisplayTypeZone"><p class="liste-produits-choix-affichage"><select onChange="document.getElementById('sortBySubmit').click();" class="form-select" id="sort" name="sort"><option selected="selected" value="MARQUE_ASC">Trier par marque A-Z</option><option value="MARQUE_DESC">Trier par marque Z-A</option><option value="PRICE_ASC">Trier du moins cher au plus cher</option><option value="PRICE_DESC">Trier du plus cher au moins cher</option><option value="PRICEQTE_ASC">Trier par prix/quantité croissant</option><option value="PRICEQTE_DESC">Trier par prix/quantité décroissant</option></select><img id="sort-icon" class="t-error-icon t-invisible" alt="" src="http://www.refonte.auchandirect.fr/assets/tapestry/5.1.0.5/spacer.gif"/><input style="display: none;" id="sortBySubmit" type="submit"></input><a id="list" onclick="javascript:Tapestry.waitForPage(event);" class="bt-liste " href="http://www.refonte.auchandirect.fr/rayon.productgridorlist.list?t:ac=818">en liste</a><a id="thumbnail" onclick="javascript:Tapestry.waitForPage(event);" class="bt-grille active" href="http://www.refonte.auchandirect.fr/rayon.productgridorlist.thumbnail?t:ac=818">en grille</a></p></p></form></div></div><ul class="liste-produits-menu menu menu-horizontal clear-container t-zone" id="labelZone"><li class="item"><a class="active">TOUS</a></li><li class="item"><a id="viewSubCat" onclick="javascript:Tapestry.waitForPage(event);" href="http://www.refonte.auchandirect.fr/rayon.productgridorlist.viewsubcat/1869?t:ac=818">Champagnes bruts</a></li><li class="item"><a id="viewSubCat_0" onclick="javascript:Tapestry.waitForPage(event);" href="http://www.refonte.auchandirect.fr/rayon.productgridorlist.viewsubcat/1868?t:ac=818">Champagnes demi-secs</a></li><li class="item"><a id="viewSubCat_1" onclick="javascript:Tapestry.waitForPage(event);" href="http://www.refonte.auchandirect.fr/rayon.productgridorlist.viewsubcat/1870?t:ac=818">Champagnes rosés</a></li><li class="item"><a id="viewSubCat_2" onclick="javascript:Tapestry.waitForPage(event);" href="http://www.refonte.auchandirect.fr/rayon.productgridorlist.viewsubcat/1873?t:ac=818">Etrangers</a></li><li class="item"><a id="viewSubCat_3" onclick="javascript:Tapestry.waitForPage(event);" href="http://www.refonte.auchandirect.fr/rayon.productgridorlist.viewsubcat/1872?t:ac=818">Crémants - Mousseux</a></li><li class="item"><a id="filterPromos" onclick="javascript:Tapestry.waitForPage(event);" title="promos" class="menu-top-promos" href="http://www.refonte.auchandirect.fr/rayon.productgridorlist.filterpromos?t:ac=818">Promotions</a></li><li class="item"><a title="nouveautes" class="non_active">Nouveautés</a></li><li class="item"><a id="filterAuchan" onclick="javascript:Tapestry.waitForPage(event);" title="produits Auchan" class="menu-top-produits-auchan" href="http://www.refonte.auchandirect.fr/rayon.productgridorlist.filterauchan?t:ac=818">Produits Auchan</a></li><!-- liste des capsules de tri (marques) --></ul></div><div class="clear"></div><div class="t-zone" id="moreProductListZone"><p style="display: block;" class="link_show_marque"><a id="viewAllBrands" onclick="javascript:Tapestry.waitForPage(event);" title="Voir les 33 éléments supplémentaires" href="http://www.refonte.auchandirect.fr/rayon.productgridorlist.viewallbrands?t:ac=818">Afficher les 33 marques</a><img src="http://www.refonte.auchandirect.fr/static/images/down_arrow.png"/></p></div></div><!-- ***************** FIN DU BLOC TITRE ***************** --><div class="t-zone" id="productListZone"><div class="liste clear-container" id="liste-produits-grille"><table><tr><td><!-- PL : ici --><div class="bloc-produit "><div class="bloc-produit-content"><a title="Voir le produit" href="http://www.refonte.auchandirect.fr/boissons/vins-et-champagnes/saumur-blanc-brut/id1/506/35103"><img src="http://www.refonte.auchandirect.fr/static/images/products/line/35103.jpg" alt="" class="produit "/></a><div class="picto"><span class="invisible"></span></div><div class="boutons-produit"><a id="addProductToBasket" onclick="javascript:Tapestry.waitForPage(event);" title="Ajouter au panier" class="bt-produit-ajout-panier" href="http://www.refonte.auchandirect.fr/rayon.productgridorlist.productlist_1.thumbnailproduct_0.addproducttobasket/35103?t:ac=818">Ajouter au panier</a><a id="addProductToShoppingList" onclick="javascript:Tapestry.waitForPage(event);" title="Ajouter à ma liste" class="bt-produit-ajout-liste" href="http://www.refonte.auchandirect.fr/rayon.productgridorlist.productlist_1.thumbnailproduct_0.addproducttoshoppinglist/35103?t:ac=818">Ajouter à ma liste</a></div><div class="infos-produit-1"><div class="prix-actuel"><span>6.42€</span></div></div><div class="infos-produit-2"><a title="Voir le produit" href="http://www.refonte.auchandirect.fr/boissons/vins-et-champagnes/saumur-blanc-brut/id1/506/35103"><h2>ACKERMAN</h2><h4>Saumur blanc brut</h4><h4></h4><p>
75 cl
<br/>
8.56€/l
</p></a></div><div class="mini_picto_bas"></div></div></div></td><td><!-- PL : ici --><div class="bloc-produit "><div class="bloc-produit-content"><a title="Voir le produit" href="http://www.refonte.auchandirect.fr/boissons/vins-et-champagnes/champagne-brut/id1/506/101013"><img src="http://www.refonte.auchandirect.fr/static/images/products/line/101013.jpg" alt="" class="produit "/></a><div class="picto"><span class="invisible"></span></div><div class="boutons-produit"><a id="addProductToBasket_0" onclick="javascript:Tapestry.waitForPage(event);" title="Ajouter au panier" class="bt-produit-ajout-panier" href="http://www.refonte.auchandirect.fr/rayon.productgridorlist.productlist_1.thumbnailproduct_0.addproducttobasket/101013?t:ac=818">Ajouter au panier</a><a id="addProductToShoppingList_0" onclick="javascript:Tapestry.waitForPage(event);" title="Ajouter à ma liste" class="bt-produit-ajout-liste" href="http://www.refonte.auchandirect.fr/rayon.productgridorlist.productlist_1.thumbnailproduct_0.addproducttoshoppinglist/101013?t:ac=818">Ajouter à ma liste</a></div><div class="infos-produit-1"><div class="prix-actuel"><span>21.69€</span></div></div><div class="infos-produit-2"><a title="Voir le produit" href="http://www.refonte.auchandirect.fr/boissons/vins-et-champagnes/champagne-brut/id1/506/101013"><h2>ALFRED ROTHSCHILD</h2><h4>Champagne brut</h4><h4></h4><p>
75 cl
<br/>
28.92€/l
</p></a></div><div class="mini_picto_bas"></div></div></div></td><td><!-- PL : ici --><div class="bloc-produit "><div class="bloc-produit-content"><a title="Voir le produit" href="http://www.refonte.auchandirect.fr/boissons/vins-et-champagnes/champagne-demi-sec/id1/506/101014"><img src="http://www.refonte.auchandirect.fr/static/images/products/line/101014.jpg" alt="" class="produit "/></a><div class="picto"><span class="invisible"></span></div><div class="boutons-produit"><a id="addProductToBasket_1" onclick="javascript:Tapestry.waitForPage(event);" title="Ajouter au panier" class="bt-produit-ajout-panier" href="http://www.refonte.auchandirect.fr/rayon.productgridorlist.productlist_1.thumbnailproduct_0.addproducttobasket/101014?t:ac=818">Ajouter au panier</a><a id="addProductToShoppingList_1" onclick="javascript:Tapestry.waitForPage(event);" title="Ajouter à ma liste" class="bt-produit-ajout-liste" href="http://www.refonte.auchandirect.fr/rayon.productgridorlist.productlist_1.thumbnailproduct_0.addproducttoshoppinglist/101014?t:ac=818">Ajouter à ma liste</a></div><div class="infos-produit-1"><div class="prix-actuel"><span>21.27€</span></div></div><div class="infos-produit-2"><a title="Voir le produit" href="http://www.refonte.auchandirect.fr/boissons/vins-et-champagnes/champagne-demi-sec/id1/506/101014"><h2>ALFRED ROTHSCHILD</h2><h4>Champagne demi-sec</h4><h4></h4><p>
75 cl
<br/>
28.36€/l
</p></a></div><div class="mini_picto_bas"></div></div></div></td></tr><tr><td><!-- PL : ici --><div class="bloc-produit "><div class="bloc-produit-content"><a title="Voir le produit" href="http://www.refonte.auchandirect.fr/boissons/vins-et-champagnes/crémant-brut/id1/506/1753"><img src="http://www.refonte.auchandirect.fr/static/images/products/line/1753.jpg" alt="" class="produit "/></a><div class="picto"><span class="invisible"></span></div><div class="boutons-produit"><a id="addProductToBasket_2" onclick="javascript:Tapestry.waitForPage(event);" title="Ajouter au panier" class="bt-produit-ajout-panier" href="http://www.refonte.auchandirect.fr/rayon.productgridorlist.productlist_1.thumbnailproduct_0.addproducttobasket/1753?t:ac=818">Ajouter au panier</a><a id="addProductToShoppingList_2" onclick="javascript:Tapestry.waitForPage(event);" title="Ajouter à ma liste" class="bt-produit-ajout-liste" href="http://www.refonte.auchandirect.fr/rayon.productgridorlist.productlist_1.thumbnailproduct_0.addproducttoshoppinglist/1753?t:ac=818">Ajouter à ma liste</a></div><div class="infos-produit-1"><div class="prix-actuel"><span>7.56€</span></div></div><div class="infos-produit-2"><a title="Voir le produit" href="http://www.refonte.auchandirect.fr/boissons/vins-et-champagnes/crémant-brut/id1/506/1753"><h2>BORDEAUX</h2><h4>Crémant brut</h4><h4></h4><p>
75 cl
<br/>
10.08€/l
</p></a></div><div class="mini_picto_bas"><img src="http://www.refonte.auchandirect.fr/static/images/DLC-garantie-30j_small.jpg"/></div></div></div></td><td><!-- PL : ici --><div class="bloc-produit "><div class="bloc-produit-content"><a title="Voir le produit" href="http://www.refonte.auchandirect.fr/boissons/vins-et-champagnes/champagne-brut/id1/506/100939"><img src="http://www.refonte.auchandirect.fr/static/images/products/line/100939.jpg" alt="" class="produit "/></a><div class="picto"><span class="invisible"></span></div><div class="boutons-produit"><a id="addProductToBasket_3" onclick="javascript:Tapestry.waitForPage(event);" title="Ajouter au panier" class="bt-produit-ajout-panier" href="http://www.refonte.auchandirect.fr/rayon.productgridorlist.productlist_1.thumbnailproduct_0.addproducttobasket/100939?t:ac=818">Ajouter au panier</a><a id="addProductToShoppingList_3" onclick="javascript:Tapestry.waitForPage(event);" title="Ajouter à ma liste" class="bt-produit-ajout-liste" href="http://www.refonte.auchandirect.fr/rayon.productgridorlist.productlist_1.thumbnailproduct_0.addproducttoshoppinglist/100939?t:ac=818">Ajouter à ma liste</a></div><div class="infos-produit-1"><div class="prix-actuel"><span>22.32€</span></div></div><div class="infos-produit-2"><a title="Voir le produit" href="http://www.refonte.auchandirect.fr/boissons/vins-et-champagnes/champagne-brut/id1/506/100939"><h2>CANARD DUCHENE</h2><h4>Champagne brut</h4><h4></h4><p>
75 cl
<br/>
29.76€/l
</p></a></div><div class="mini_picto_bas"></div></div></div></td><td><!-- PL : ici --><div class="bloc-produit "><div class="bloc-produit-content"><a title="Voir le produit" href="http://www.refonte.auchandirect.fr/boissons/vins-et-champagnes/champagne-brut-1er-cru-12°/id1/506/103537"><img src="http://www.refonte.auchandirect.fr/static/images/products/line/103537.jpg" alt="" class="produit "/></a><div class="picto"><span class="invisible"></span></div><div class="boutons-produit"><a id="addProductToBasket_4" onclick="javascript:Tapestry.waitForPage(event);" title="Ajouter au panier" class="bt-produit-ajout-panier" href="http://www.refonte.auchandirect.fr/rayon.productgridorlist.productlist_1.thumbnailproduct_0.addproducttobasket/103537?t:ac=818">Ajouter au panier</a><a id="addProductToShoppingList_4" onclick="javascript:Tapestry.waitForPage(event);" title="Ajouter à ma liste" class="bt-produit-ajout-liste" href="http://www.refonte.auchandirect.fr/rayon.productgridorlist.productlist_1.thumbnailproduct_0.addproducttoshoppinglist/103537?t:ac=818">Ajouter à ma liste</a></div><div class="infos-produit-1"><div class="prix-actuel"><span>17.90€</span></div></div><div class="infos-produit-2"><a title="Voir le produit" href="http://www.refonte.auchandirect.fr/boissons/vins-et-champagnes/champagne-brut-1er-cru-12°/id1/506/103537"><h2>CHAMPAGNE</h2><h4>Champagne brut 1er cru 12°</h4><h4>André Delaunois</h4><p>
75 cl
<br/>
23.87€/l
</p></a></div><div class="mini_picto_bas"></div></div></div></td></tr><tr><td><!-- PL : ici --><div class="bloc-produit "><div class="bloc-produit-content"><a title="Voir le produit" href="http://www.refonte.auchandirect.fr/boissons/vins-et-champagnes/champagne-brut/id1/506/42232"><img src="http://www.refonte.auchandirect.fr/static/images/products/line/42232.jpg" alt="" class="produit "/></a><div class="picto"><span class="invisible"></span></div><div class="boutons-produit"><a id="addProductToBasket_5" onclick="javascript:Tapestry.waitForPage(event);" title="Ajouter au panier" class="bt-produit-ajout-panier" href="http://www.refonte.auchandirect.fr/rayon.productgridorlist.productlist_1.thumbnailproduct_0.addproducttobasket/42232?t:ac=818">Ajouter au panier</a><a id="addProductToShoppingList_5" onclick="javascript:Tapestry.waitForPage(event);" title="Ajouter à ma liste" class="bt-produit-ajout-liste" href="http://www.refonte.auchandirect.fr/rayon.productgridorlist.productlist_1.thumbnailproduct_0.addproducttoshoppinglist/42232?t:ac=818">Ajouter à ma liste</a></div><div class="infos-produit-1"><div class="prix-actuel"><span>22.05€</span></div></div><div class="infos-produit-2"><a title="Voir le produit" href="http://www.refonte.auchandirect.fr/boissons/vins-et-champagnes/champagne-brut/id1/506/42232"><h2>CHANOINE</h2><h4>champagne brut</h4><h4></h4><p>
75 cl
<br/>
29.40€/l
</p></a></div><div class="mini_picto_bas"></div></div></div></td><td><!-- PL : ici --><div class="bloc-produit "><div class="bloc-produit-content"><a title="Voir le produit" href="http://www.refonte.auchandirect.fr/boissons/vins-et-champagnes/champagne-brut/id1/506/50024"><img src="http://www.refonte.auchandirect.fr/static/images/products/line/50024.jpg" alt="" class="produit "/></a><div class="picto"><span class="invisible"></span></div><div class="boutons-produit"><a id="addProductToBasket_6" onclick="javascript:Tapestry.waitForPage(event);" title="Ajouter au panier" class="bt-produit-ajout-panier" href="http://www.refonte.auchandirect.fr/rayon.productgridorlist.productlist_1.thumbnailproduct_0.addproducttobasket/50024?t:ac=818">Ajouter au panier</a><a id="addProductToShoppingList_6" onclick="javascript:Tapestry.waitForPage(event);" title="Ajouter à ma liste" class="bt-produit-ajout-liste" href="http://www.refonte.auchandirect.fr/rayon.productgridorlist.productlist_1.thumbnailproduct_0.addproducttoshoppinglist/50024?t:ac=818">Ajouter à ma liste</a></div><div class="infos-produit-1"><div class="prix-actuel"><span>18.26€</span></div></div><div class="infos-produit-2"><a title="Voir le produit" href="http://www.refonte.auchandirect.fr/boissons/vins-et-champagnes/champagne-brut/id1/506/50024"><h2>CHARLES LAFITTE</h2><h4>Champagne brut</h4><h4>Orgueil de France</h4><p>
75 cl
<br/>
24.35€/l
</p></a></div><div class="mini_picto_bas"></div></div></div></td><td><!-- PL : ici --><div class="bloc-produit "><div class="bloc-produit-content"><a title="Voir le produit" href="http://www.refonte.auchandirect.fr/boissons/vins-et-champagnes/blanc-de-blanc-brut/id1/506/100450"><img src="http://www.refonte.auchandirect.fr/static/images/products/line/100450.jpg" alt="" class="produit "/></a><div class="picto"><span class="invisible"></span></div><div class="boutons-produit"><a id="addProductToBasket_7" onclick="javascript:Tapestry.waitForPage(event);" title="Ajouter au panier" class="bt-produit-ajout-panier" href="http://www.refonte.auchandirect.fr/rayon.productgridorlist.productlist_1.thumbnailproduct_0.addproducttobasket/100450?t:ac=818">Ajouter au panier</a><a id="addProductToShoppingList_7" onclick="javascript:Tapestry.waitForPage(event);" title="Ajouter à ma liste" class="bt-produit-ajout-liste" href="http://www.refonte.auchandirect.fr/rayon.productgridorlist.productlist_1.thumbnailproduct_0.addproducttoshoppinglist/100450?t:ac=818">Ajouter à ma liste</a></div><div class="infos-produit-1"><div class="prix-actuel"><span>4.69€</span></div></div><div class="infos-produit-2"><a title="Voir le produit" href="http://www.refonte.auchandirect.fr/boissons/vins-et-champagnes/blanc-de-blanc-brut/id1/506/100450"><h2>CHARLES VOLNER</h2><h4>Blanc de blanc brut</h4><h4></h4><p>
75 cl
<br/>
6.25€/l
</p></a></div><div class="mini_picto_bas"></div></div></div></td></tr><tr><td><!-- PL : ici --><div class="bloc-produit "><div class="bloc-produit-content"><a title="Voir le produit" href="http://www.refonte.auchandirect.fr/boissons/vins-et-champagnes/champagne-brut/id1/506/31385"><img src="http://www.refonte.auchandirect.fr/static/images/products/line/31385.jpg" alt="" class="produit "/></a><div class="picto"><span class="invisible"></span></div><div class="boutons-produit"><a id="addProductToBasket_8" onclick="javascript:Tapestry.waitForPage(event);" title="Ajouter au panier" class="bt-produit-ajout-panier" href="http://www.refonte.auchandirect.fr/rayon.productgridorlist.productlist_1.thumbnailproduct_0.addproducttobasket/31385?t:ac=818">Ajouter au panier</a><a id="addProductToShoppingList_8" onclick="javascript:Tapestry.waitForPage(event);" title="Ajouter à ma liste" class="bt-produit-ajout-liste" href="http://www.refonte.auchandirect.fr/rayon.productgridorlist.productlist_1.thumbnailproduct_0.addproducttoshoppinglist/31385?t:ac=818">Ajouter à ma liste</a></div><div class="infos-produit-1"><div class="prix-actuel"><span>23.40€</span></div></div><div class="infos-produit-2"><a title="Voir le produit" href="http://www.refonte.auchandirect.fr/boissons/vins-et-champagnes/champagne-brut/id1/506/31385"><h2>JACQUART</h2><h4>Champagne brut</h4><h4>Tradition</h4><p>
75 cl
<br/>
31.20€/l
</p></a></div><div class="mini_picto_bas"></div></div></div></td><td><!-- PL : ici --><div class="bloc-produit "><div class="bloc-produit-content"><a title="Voir le produit" href="http://www.refonte.auchandirect.fr/boissons/vins-et-champagnes/clairette-de-die/id1/506/35143"><img src="http://www.refonte.auchandirect.fr/static/images/products/line/35143.jpg" alt="" class="produit "/></a><div class="picto"><span class="invisible"></span></div><div class="boutons-produit"><a id="addProductToBasket_9" onclick="javascript:Tapestry.waitForPage(event);" title="Ajouter au panier" class="bt-produit-ajout-panier" href="http://www.refonte.auchandirect.fr/rayon.productgridorlist.productlist_1.thumbnailproduct_0.addproducttobasket/35143?t:ac=818">Ajouter au panier</a><a id="addProductToShoppingList_9" onclick="javascript:Tapestry.waitForPage(event);" title="Ajouter à ma liste" class="bt-produit-ajout-liste" href="http://www.refonte.auchandirect.fr/rayon.productgridorlist.productlist_1.thumbnailproduct_0.addproducttoshoppinglist/35143?t:ac=818">Ajouter à ma liste</a></div><div class="infos-produit-1"><div class="prix-actuel"><span>6.62€</span></div></div><div class="infos-produit-2"><a title="Voir le produit" href="http://www.refonte.auchandirect.fr/boissons/vins-et-champagnes/clairette-de-die/id1/506/35143"><h2>JAILLANCE</h2><h4>Clairette de Die</h4><h4></h4><p>
75 cl
<br/>
8.83€/l
</p></a></div><div class="mini_picto_bas"></div></div></div></td><td><!-- PL : ici --><div class="bloc-produit "><div class="bloc-produit-content"><a title="Voir le produit" href="http://www.refonte.auchandirect.fr/boissons/vins-et-champagnes/vin-mousseux/id1/506/42401"><img src="http://www.refonte.auchandirect.fr/static/images/products/line/42401.jpg" alt="" class="produit "/></a><div class="picto"><span class="invisible"></span></div><div class="boutons-produit"><a id="addProductToBasket_10" onclick="javascript:Tapestry.waitForPage(event);" title="Ajouter au panier" class="bt-produit-ajout-panier" href="http://www.refonte.auchandirect.fr/rayon.productgridorlist.productlist_1.thumbnailproduct_0.addproducttobasket/42401?t:ac=818">Ajouter au panier</a><a id="addProductToShoppingList_10" onclick="javascript:Tapestry.waitForPage(event);" title="Ajouter à ma liste" class="bt-produit-ajout-liste" href="http://www.refonte.auchandirect.fr/rayon.productgridorlist.productlist_1.thumbnailproduct_0.addproducttoshoppinglist/42401?t:ac=818">Ajouter à ma liste</a></div><div class="infos-produit-1"><div class="prix-actuel"><span>5.03€</span></div></div><div class="infos-produit-2"><a title="Voir le produit" href="http://www.refonte.auchandirect.fr/boissons/vins-et-champagnes/vin-mousseux/id1/506/42401"><h2>KRITER</h2><h4>Vin mousseux</h4><h4>Fruité</h4><p>
75 cl
<br/>
6.71€/l
</p></a></div><div class="mini_picto_bas"></div></div></div></td></tr><tr><td><!-- PL : ici --><div class="bloc-produit "><div class="bloc-produit-content"><a title="Voir le produit" href="http://www.refonte.auchandirect.fr/boissons/vins-et-champagnes/mousseux-brut-de-brut/id1/506/100789"><img src="http://www.refonte.auchandirect.fr/static/images/products/line/100789.jpg" alt="" class="produit "/></a><div class="picto"><span class="invisible"></span></div><div class="boutons-produit"><a id="addProductToBasket_11" onclick="javascript:Tapestry.waitForPage(event);" title="Ajouter au panier" class="bt-produit-ajout-panier" href="http://www.refonte.auchandirect.fr/rayon.productgridorlist.productlist_1.thumbnailproduct_0.addproducttobasket/100789?t:ac=818">Ajouter au panier</a><a id="addProductToShoppingList_11" onclick="javascript:Tapestry.waitForPage(event);" title="Ajouter à ma liste" class="bt-produit-ajout-liste" href="http://www.refonte.auchandirect.fr/rayon.productgridorlist.productlist_1.thumbnailproduct_0.addproducttoshoppinglist/100789?t:ac=818">Ajouter à ma liste</a></div><div class="infos-produit-1"><div class="prix-actuel"><span>4.59€</span></div></div><div class="infos-produit-2"><a title="Voir le produit" href="http://www.refonte.auchandirect.fr/boissons/vins-et-champagnes/mousseux-brut-de-brut/id1/506/100789"><h2>KRITER</h2><h4>Mousseux brut de brut</h4><h4></h4><p>
75 cl
<br/>
6.12€/l
</p></a></div><div class="mini_picto_bas"></div></div></div></td><td><!-- PL : ici --><div class="bloc-produit "><div class="bloc-produit-content"><a title="Voir le produit" href="http://www.refonte.auchandirect.fr/boissons/vins-et-champagnes/mousseux-brut-de-brut/id1/506/100905"><img src="http://www.refonte.auchandirect.fr/static/images/products/line/100905.jpg" alt="" class="produit "/></a><div class="picto"><span class="invisible"></span></div><div class="boutons-produit"><a id="addProductToBasket_12" onclick="javascript:Tapestry.waitForPage(event);" title="Ajouter au panier" class="bt-produit-ajout-panier" href="http://www.refonte.auchandirect.fr/rayon.productgridorlist.productlist_1.thumbnailproduct_0.addproducttobasket/100905?t:ac=818">Ajouter au panier</a><a id="addProductToShoppingList_12" onclick="javascript:Tapestry.waitForPage(event);" title="Ajouter à ma liste" class="bt-produit-ajout-liste" href="http://www.refonte.auchandirect.fr/rayon.productgridorlist.productlist_1.thumbnailproduct_0.addproducttoshoppinglist/100905?t:ac=818">Ajouter à ma liste</a></div><div class="infos-produit-1"><div class="prix-actuel"><span>5.61€</span></div></div><div class="infos-produit-2"><a title="Voir le produit" href="http://www.refonte.auchandirect.fr/boissons/vins-et-champagnes/mousseux-brut-de-brut/id1/506/100905"><h2>KRITER</h2><h4>Mousseux brut de brut</h4><h4></h4><p>
3 x 20 cl
<br/>
9.35€/l
</p></a></div><div class="mini_picto_bas"></div></div></div></td><td><!-- PL : ici --><div class="bloc-produit "><div class="bloc-produit-content"><a title="Voir le produit" href="http://www.refonte.auchandirect.fr/boissons/vins-et-champagnes/mousseux-demi-sec/id1/506/100790"><img src="http://www.refonte.auchandirect.fr/static/images/products/line/100790.jpg" alt="" class="produit "/></a><div class="picto"><span class="invisible"></span></div><div class="boutons-produit"><a id="addProductToBasket_13" onclick="javascript:Tapestry.waitForPage(event);" title="Ajouter au panier" class="bt-produit-ajout-panier" href="http://www.refonte.auchandirect.fr/rayon.productgridorlist.productlist_1.thumbnailproduct_0.addproducttobasket/100790?t:ac=818">Ajouter au panier</a><a id="addProductToShoppingList_13" onclick="javascript:Tapestry.waitForPage(event);" title="Ajouter à ma liste" class="bt-produit-ajout-liste" href="http://www.refonte.auchandirect.fr/rayon.productgridorlist.productlist_1.thumbnailproduct_0.addproducttoshoppinglist/100790?t:ac=818">Ajouter à ma liste</a></div><div class="infos-produit-1"><div class="prix-actuel"><span>4.69€</span></div></div><div class="infos-produit-2"><a title="Voir le produit" href="http://www.refonte.auchandirect.fr/boissons/vins-et-champagnes/mousseux-demi-sec/id1/506/100790"><h2>KRITER</h2><h4>Mousseux demi-sec</h4><h4></h4><p>
75 cl
<br/>
6.25€/l
</p></a></div><div class="mini_picto_bas"></div></div></div></td></tr><tr><td><!-- PL : ici --><div class="bloc-produit "><div class="bloc-produit-content"><a title="Voir le produit" href="http://www.refonte.auchandirect.fr/boissons/vins-et-champagnes/vin-rouge-pétillant-du-nord-de-l'italie/id1/506/35201"><img src="http://www.refonte.auchandirect.fr/static/images/products/line/35201.jpg" alt="" class="produit "/></a><div class="picto"><span class="invisible"></span></div><div class="boutons-produit"><a id="addProductToBasket_14" onclick="javascript:Tapestry.waitForPage(event);" title="Ajouter au panier" class="bt-produit-ajout-panier" href="http://www.refonte.auchandirect.fr/rayon.productgridorlist.productlist_1.thumbnailproduct_0.addproducttobasket/35201?t:ac=818">Ajouter au panier</a><a id="addProductToShoppingList_14" onclick="javascript:Tapestry.waitForPage(event);" title="Ajouter à ma liste" class="bt-produit-ajout-liste" href="http://www.refonte.auchandirect.fr/rayon.productgridorlist.productlist_1.thumbnailproduct_0.addproducttoshoppinglist/35201?t:ac=818">Ajouter à ma liste</a></div><div class="infos-produit-1"><div class="prix-actuel"><span>2.99€</span></div></div><div class="infos-produit-2"><a title="Voir le produit" href="http://www.refonte.auchandirect.fr/boissons/vins-et-champagnes/vin-rouge-pétillant-du-nord-de-l'italie/id1/506/35201"><h2>LAMBRUSCO</h2><h4>Vin rouge pétillant du nord de l'Italie</h4><h4>Di Modena</h4><p>
75 cl
<br/>
3.99€/l
</p></a></div><div class="mini_picto_bas"></div></div></div></td><td><!-- PL : ici --><div class="bloc-produit "><div class="bloc-produit-content"><a title="Voir le produit" href="http://www.refonte.auchandirect.fr/boissons/vins-et-champagnes/vin-pétillant/id1/506/57993"><img src="http://www.refonte.auchandirect.fr/static/images/products/line/57993.jpg" alt="" class="produit "/></a><div class="picto"><span class="invisible"></span></div><div class="boutons-produit"><a id="addProductToBasket_15" onclick="javascript:Tapestry.waitForPage(event);" title="Ajouter au panier" class="bt-produit-ajout-panier" href="http://www.refonte.auchandirect.fr/rayon.productgridorlist.productlist_1.thumbnailproduct_0.addproducttobasket/57993?t:ac=818">Ajouter au panier</a><a id="addProductToShoppingList_15" onclick="javascript:Tapestry.waitForPage(event);" title="Ajouter à ma liste" class="bt-produit-ajout-liste" href="http://www.refonte.auchandirect.fr/rayon.productgridorlist.productlist_1.thumbnailproduct_0.addproducttoshoppinglist/57993?t:ac=818">Ajouter à ma liste</a></div><div class="infos-produit-1"><div class="prix-actuel"><span>3.09€</span></div></div><div class="infos-produit-2"><a title="Voir le produit" href="http://www.refonte.auchandirect.fr/boissons/vins-et-champagnes/vin-pétillant/id1/506/57993"><h2>LAMBRUSCO</h2><h4>Vin pétillant</h4><h4>Rosé</h4><p>
75 cl
<br/>
4.12€/l
</p></a></div><div class="mini_picto_bas"></div></div></div></td><td><!-- PL : ici --><div class="bloc-produit "><div class="bloc-produit-content"><a title="Voir le produit" href="http://www.refonte.auchandirect.fr/boissons/vins-et-champagnes/champagne-brut/id1/506/100778"><img src="http://www.refonte.auchandirect.fr/static/images/products/line/100778.jpg" alt="" class="produit "/></a><div class="picto"><span class="invisible"></span></div><div class="boutons-produit"><a id="addProductToBasket_16" onclick="javascript:Tapestry.waitForPage(event);" title="Ajouter au panier" class="bt-produit-ajout-panier" href="http://www.refonte.auchandirect.fr/rayon.productgridorlist.productlist_1.thumbnailproduct_0.addproducttobasket/100778?t:ac=818">Ajouter au panier</a><a id="addProductToShoppingList_16" onclick="javascript:Tapestry.waitForPage(event);" title="Ajouter à ma liste" class="bt-produit-ajout-liste" href="http://www.refonte.auchandirect.fr/rayon.productgridorlist.productlist_1.thumbnailproduct_0.addproducttoshoppinglist/100778?t:ac=818">Ajouter à ma liste</a></div><div class="infos-produit-1"><div class="prix-actuel"><span>29.89€</span></div></div><div class="infos-produit-2"><a title="Voir le produit" href="http://www.refonte.auchandirect.fr/boissons/vins-et-champagnes/champagne-brut/id1/506/100778"><h2>LANSON</h2><h4>Champagne brut</h4><h4>Black Label</h4><p>
75 cl
<br/>
39.85€/l
</p></a></div><div class="mini_picto_bas"></div></div></div></td></tr><tr><td><!-- PL : ici --><div class="bloc-produit "><div class="bloc-produit-content"><a title="Voir le produit" href="http://www.refonte.auchandirect.fr/boissons/vins-et-champagnes/champagne-brut/id1/506/35195"><img src="http://www.refonte.auchandirect.fr/static/images/products/line/35195.jpg" alt="" class="produit "/></a><div class="picto"><span class="invisible"></span></div><div class="boutons-produit"><a id="addProductToBasket_17" onclick="javascript:Tapestry.waitForPage(event);" title="Ajouter au panier" class="bt-produit-ajout-panier" href="http://www.refonte.auchandirect.fr/rayon.productgridorlist.productlist_1.thumbnailproduct_0.addproducttobasket/35195?t:ac=818">Ajouter au panier</a><a id="addProductToShoppingList_17" onclick="javascript:Tapestry.waitForPage(event);" title="Ajouter à ma liste" class="bt-produit-ajout-liste" href="http://www.refonte.auchandirect.fr/rayon.productgridorlist.productlist_1.thumbnailproduct_0.addproducttoshoppinglist/35195?t:ac=818">Ajouter à ma liste</a></div><div class="infos-produit-1"><div class="prix-actuel"><span>32.37€</span></div></div><div class="infos-produit-2"><a title="Voir le produit" href="http://www.refonte.auchandirect.fr/boissons/vins-et-champagnes/champagne-brut/id1/506/35195"><h2>LAURENT PERRIER</h2><h4>Champagne brut</h4><h4></h4><p>
75 cl
<br/>
43.16€/l
</p></a></div><div class="mini_picto_bas"></div></div></div></td><td><!-- PL : ici --><div class="bloc-produit "><div class="bloc-produit-content"><a title="Voir le produit" href="http://www.refonte.auchandirect.fr/boissons/vins-et-champagnes/champagne-brut-rosé/id1/506/100294"><img src="http://www.refonte.auchandirect.fr/static/images/products/line/100294.jpg" alt="" class="produit "/></a><div class="picto"><span class="invisible"></span></div><div class="boutons-produit"><a id="addProductToBasket_18" onclick="javascript:Tapestry.waitForPage(event);" title="Ajouter au panier" class="bt-produit-ajout-panier" href="http://www.refonte.auchandirect.fr/rayon.productgridorlist.productlist_1.thumbnailproduct_0.addproducttobasket/100294?t:ac=818">Ajouter au panier</a><a id="addProductToShoppingList_18" onclick="javascript:Tapestry.waitForPage(event);" title="Ajouter à ma liste" class="bt-produit-ajout-liste" href="http://www.refonte.auchandirect.fr/rayon.productgridorlist.productlist_1.thumbnailproduct_0.addproducttoshoppinglist/100294?t:ac=818">Ajouter à ma liste</a></div><div class="infos-produit-1"><div class="prix-actuel"><span>25.65€</span></div></div><div class="infos-produit-2"><a title="Voir le produit" href="http://www.refonte.auchandirect.fr/boissons/vins-et-champagnes/champagne-brut-rosé/id1/506/100294"><h2>MERCIER</h2><h4>Champagne brut rosé</h4><h4></h4><p>
75 cl
<br/>
34.20€/l
</p></a></div><div class="mini_picto_bas"></div></div></div></td><td><!-- PL : ici --><div class="bloc-produit "><div class="bloc-produit-content"><a title="Voir le produit" href="http://www.refonte.auchandirect.fr/boissons/vins-et-champagnes/champagne-brut/id1/506/100686"><img src="http://www.refonte.auchandirect.fr/static/images/products/line/100686.jpg" alt="" class="produit "/></a><div class="picto"><span class="invisible"></span></div><div class="boutons-produit"><a id="addProductToBasket_19" onclick="javascript:Tapestry.waitForPage(event);" title="Ajouter au panier" class="bt-produit-ajout-panier" href="http://www.refonte.auchandirect.fr/rayon.productgridorlist.productlist_1.thumbnailproduct_0.addproducttobasket/100686?t:ac=818">Ajouter au panier</a><a id="addProductToShoppingList_19" onclick="javascript:Tapestry.waitForPage(event);" title="Ajouter à ma liste" class="bt-produit-ajout-liste" href="http://www.refonte.auchandirect.fr/rayon.productgridorlist.productlist_1.thumbnailproduct_0.addproducttoshoppinglist/100686?t:ac=818">Ajouter à ma liste</a></div><div class="infos-produit-1"><div class="prix-actuel"><span>21.86€</span></div></div><div class="infos-produit-2"><a title="Voir le produit" href="http://www.refonte.auchandirect.fr/boissons/vins-et-champagnes/champagne-brut/id1/506/100686"><h2>MERCIER</h2><h4>Champagne brut</h4><h4></h4><p>
75 cl
<br/>
29.15€/l
</p></a></div><div class="mini_picto_bas"></div></div></div></td></tr><tr><td><!-- PL : ici --><div class="bloc-produit "><div class="bloc-produit-content"><a title="Voir le produit" href="http://www.refonte.auchandirect.fr/boissons/vins-et-champagnes/champagne-demi-sec/id1/506/100687"><img src="http://www.refonte.auchandirect.fr/static/images/products/line/100687.jpg" alt="" class="produit "/></a><div class="picto"><span class="invisible"></span></div><div class="boutons-produit"><a id="addProductToBasket_20" onclick="javascript:Tapestry.waitForPage(event);" title="Ajouter au panier" class="bt-produit-ajout-panier" href="http://www.refonte.auchandirect.fr/rayon.productgridorlist.productlist_1.thumbnailproduct_0.addproducttobasket/100687?t:ac=818">Ajouter au panier</a><a id="addProductToShoppingList_20" onclick="javascript:Tapestry.waitForPage(event);" title="Ajouter à ma liste" class="bt-produit-ajout-liste" href="http://www.refonte.auchandirect.fr/rayon.productgridorlist.productlist_1.thumbnailproduct_0.addproducttoshoppinglist/100687?t:ac=818">Ajouter à ma liste</a></div><div class="infos-produit-1"><div class="prix-actuel"><span>21.83€</span></div></div><div class="infos-produit-2"><a title="Voir le produit" href="http://www.refonte.auchandirect.fr/boissons/vins-et-champagnes/champagne-demi-sec/id1/506/100687"><h2>MERCIER</h2><h4>Champagne demi-sec</h4><h4></h4><p>
75 cl
<br/>
29.11€/l
</p></a></div><div class="mini_picto_bas"></div></div></div></td><td><!-- PL : ici --><div class="bloc-produit "><div class="bloc-produit-content"><a title="Voir le produit" href="http://www.refonte.auchandirect.fr/boissons/vins-et-champagnes/champagne-brut/id1/506/35509"><img src="http://www.refonte.auchandirect.fr/static/images/products/line/35509.jpg" alt="" class="produit "/></a><div class="picto"><span class="invisible"></span></div><div class="boutons-produit"><a id="addProductToBasket_21" onclick="javascript:Tapestry.waitForPage(event);" title="Ajouter au panier" class="bt-produit-ajout-panier" href="http://www.refonte.auchandirect.fr/rayon.productgridorlist.productlist_1.thumbnailproduct_0.addproducttobasket/35509?t:ac=818">Ajouter au panier</a><a id="addProductToShoppingList_21" onclick="javascript:Tapestry.waitForPage(event);" title="Ajouter à ma liste" class="bt-produit-ajout-liste" href="http://www.refonte.auchandirect.fr/rayon.productgridorlist.productlist_1.thumbnailproduct_0.addproducttoshoppinglist/35509?t:ac=818">Ajouter à ma liste</a></div><div class="infos-produit-1"><div class="prix-actuel"><span>19.80€</span></div></div><div class="infos-produit-2"><a title="Voir le produit" href="http://www.refonte.auchandirect.fr/boissons/vins-et-champagnes/champagne-brut/id1/506/35509"><h2>MONTAUDON</h2><h4>Champagne brut</h4><h4></h4><p>
75 cl
<br/>
26.40€/l
</p></a></div><div class="mini_picto_bas"></div></div></div></td><td><!-- PL : ici --><div class="bloc-produit "><div class="bloc-produit-content"><a title="Voir le produit" href="http://www.refonte.auchandirect.fr/boissons/vins-et-champagnes/champagne-brut/id1/506/9593"><img src="http://www.refonte.auchandirect.fr/static/images/products/line/9593.jpg" alt="" class="produit "/></a><div class="picto"><span class="invisible"></span></div><div class="boutons-produit"><a id="addProductToBasket_22" onclick="javascript:Tapestry.waitForPage(event);" title="Ajouter au panier" class="bt-produit-ajout-panier" href="http://www.refonte.auchandirect.fr/rayon.productgridorlist.productlist_1.thumbnailproduct_0.addproducttobasket/9593?t:ac=818">Ajouter au panier</a><a id="addProductToShoppingList_22" onclick="javascript:Tapestry.waitForPage(event);" title="Ajouter à ma liste" class="bt-produit-ajout-liste" href="http://www.refonte.auchandirect.fr/rayon.productgridorlist.productlist_1.thumbnailproduct_0.addproducttoshoppinglist/9593?t:ac=818">Ajouter à ma liste</a></div><div class="infos-produit-1"><div class="prix-actuel"><span>31.86€</span></div></div><div class="infos-produit-2"><a title="Voir le produit" href="http://www.refonte.auchandirect.fr/boissons/vins-et-champagnes/champagne-brut/id1/506/9593"><h2>MOËT &amp; CHANDON</h2><h4>Champagne brut</h4><h4>Brut imperial</h4><p>
75 cl
<br/>
42.48€/l
</p></a></div><div class="mini_picto_bas"></div></div></div></td></tr><tr><td><!-- PL : ici --><div class="bloc-produit "><div class="bloc-produit-content"><a title="Voir le produit" href="http://www.refonte.auchandirect.fr/boissons/vins-et-champagnes/champagne-brut/id1/506/56874"><img src="http://www.refonte.auchandirect.fr/static/images/products/line/56874.jpg" alt="" class="produit "/></a><div class="picto"><span class="invisible"></span></div><div class="boutons-produit"><a id="addProductToBasket_23" onclick="javascript:Tapestry.waitForPage(event);" title="Ajouter au panier" class="bt-produit-ajout-panier" href="http://www.refonte.auchandirect.fr/rayon.productgridorlist.productlist_1.thumbnailproduct_0.addproducttobasket/56874?t:ac=818">Ajouter au panier</a><a id="addProductToShoppingList_23" onclick="javascript:Tapestry.waitForPage(event);" title="Ajouter à ma liste" class="bt-produit-ajout-liste" href="http://www.refonte.auchandirect.fr/rayon.productgridorlist.productlist_1.thumbnailproduct_0.addproducttoshoppinglist/56874?t:ac=818">Ajouter à ma liste</a></div><div class="infos-produit-1"><div class="prix-actuel"><span>39.98€</span></div></div><div class="infos-produit-2"><a title="Voir le produit" href="http://www.refonte.auchandirect.fr/boissons/vins-et-champagnes/champagne-brut/id1/506/56874"><h2>MOËT &amp; CHANDON</h2><h4>Champagne Brut</h4><h4>Rosé</h4><p>
75 cl
<br/>
53.31€/l
</p></a></div><div class="mini_picto_bas"></div></div></div></td><td><!-- PL : ici --><div class="bloc-produit  bientot-dispo"><div class="bloc-produit-content"><a title="Voir le produit" href="http://www.refonte.auchandirect.fr/boissons/vins-et-champagnes/champagne-brut/id1/506/100685"><img src="http://www.refonte.auchandirect.fr/static/images/products/line/100685.jpg" alt="" class="produit "/></a><div class="picto"><span class="invisible"></span></div><div class="boutons-produit"><a class="bt-produit-ajout-panier disable" title="Bientôt disponible" href="javascript:void(0)">Bientôt disponible</a><a id="addProductToShoppingList_24" onclick="javascript:Tapestry.waitForPage(event);" title="Ajouter à ma liste" class="bt-produit-ajout-liste" href="http://www.refonte.auchandirect.fr/rayon.productgridorlist.productlist_1.thumbnailproduct_0.addproducttoshoppinglist/100685?t:ac=818">Ajouter à ma liste</a></div><div class="infos-produit-1"><div class="prix-actuel"><span>27.18€</span></div></div><div class="infos-produit-2"><a title="Voir le produit" href="http://www.refonte.auchandirect.fr/boissons/vins-et-champagnes/champagne-brut/id1/506/100685"><h2>MUMM</h2><h4>Champagne brut</h4><h4>Cordon Rouge</h4><p>
75 cl
<br/>
36.24€/l
</p></a></div><div class="mini_picto_bas"></div></div></div></td><td><!-- PL : ici --><div class="bloc-produit "><div class="bloc-produit-content"><a title="Voir le produit" href="http://www.refonte.auchandirect.fr/boissons/vins-et-champagnes/champagne-brut/id1/506/35196"><img src="http://www.refonte.auchandirect.fr/static/images/products/line/35196.jpg" alt="" class="produit "/></a><div class="picto"><span class="invisible"></span></div><div class="boutons-produit"><a id="addProductToBasket_24" onclick="javascript:Tapestry.waitForPage(event);" title="Ajouter au panier" class="bt-produit-ajout-panier" href="http://www.refonte.auchandirect.fr/rayon.productgridorlist.productlist_1.thumbnailproduct_0.addproducttobasket/35196?t:ac=818">Ajouter au panier</a><a id="addProductToShoppingList_25" onclick="javascript:Tapestry.waitForPage(event);" title="Ajouter à ma liste" class="bt-produit-ajout-liste" href="http://www.refonte.auchandirect.fr/rayon.productgridorlist.productlist_1.thumbnailproduct_0.addproducttoshoppinglist/35196?t:ac=818">Ajouter à ma liste</a></div><div class="infos-produit-1"><div class="prix-actuel"><span>16.76€</span></div></div><div class="infos-produit-2"><a title="Voir le produit" href="http://www.refonte.auchandirect.fr/boissons/vins-et-champagnes/champagne-brut/id1/506/35196"><h2>MUMM</h2><h4>Champagne brut</h4><h4>Cordon rouge</h4><p>
37,5 cl
<br/>
44.69€/l
</p></a></div><div class="mini_picto_bas"></div></div></div></td></tr><tr><td><!-- PL : ici --><div class="bloc-produit "><div class="bloc-produit-content"><a title="Voir le produit" href="http://www.refonte.auchandirect.fr/boissons/vins-et-champagnes/champagne-cordon-rouge-brut/id1/506/56168"><img src="http://www.refonte.auchandirect.fr/static/images/products/line/56168.jpg" alt="" class="produit "/></a><div class="picto"><span class="invisible"></span></div><div class="boutons-produit"><a id="addProductToBasket_25" onclick="javascript:Tapestry.waitForPage(event);" title="Ajouter au panier" class="bt-produit-ajout-panier" href="http://www.refonte.auchandirect.fr/rayon.productgridorlist.productlist_1.thumbnailproduct_0.addproducttobasket/56168?t:ac=818">Ajouter au panier</a><a id="addProductToShoppingList_26" onclick="javascript:Tapestry.waitForPage(event);" title="Ajouter à ma liste" class="bt-produit-ajout-liste" href="http://www.refonte.auchandirect.fr/rayon.productgridorlist.productlist_1.thumbnailproduct_0.addproducttoshoppinglist/56168?t:ac=818">Ajouter à ma liste</a></div><div class="infos-produit-1"><div class="prix-actuel"><span>38.26€</span></div></div><div class="infos-produit-2"><a title="Voir le produit" href="http://www.refonte.auchandirect.fr/boissons/vins-et-champagnes/champagne-cordon-rouge-brut/id1/506/56168"><h2>MUMM</h2><h4>Champagne Cordon Rouge Brut</h4><h4>Rosé</h4><p>
75 cl
<br/>
51.01€/l
</p></a></div><div class="mini_picto_bas"></div></div></div></td><td><!-- PL : ici --><div class="bloc-produit "><div class="bloc-produit-content"><a title="Voir le produit" href="http://www.refonte.auchandirect.fr/boissons/vins-et-champagnes/vin-blanc-sec-de-bordeaux/id1/506/40689"><img src="http://www.refonte.auchandirect.fr/static/images/products/line/40689.jpg" alt="" class="produit "/></a><div class="picto"><span class="invisible"></span></div><div class="boutons-produit"><a id="addProductToBasket_26" onclick="javascript:Tapestry.waitForPage(event);" title="Ajouter au panier" class="bt-produit-ajout-panier" href="http://www.refonte.auchandirect.fr/rayon.productgridorlist.productlist_1.thumbnailproduct_0.addproducttobasket/40689?t:ac=818">Ajouter au panier</a><a id="addProductToShoppingList_27" onclick="javascript:Tapestry.waitForPage(event);" title="Ajouter à ma liste" class="bt-produit-ajout-liste" href="http://www.refonte.auchandirect.fr/rayon.productgridorlist.productlist_1.thumbnailproduct_0.addproducttoshoppinglist/40689?t:ac=818">Ajouter à ma liste</a></div><div class="infos-produit-1"><div class="prix-actuel"><span>2.68€</span></div></div><div class="infos-produit-2"><a title="Voir le produit" href="http://www.refonte.auchandirect.fr/boissons/vins-et-champagnes/vin-blanc-sec-de-bordeaux/id1/506/40689"><h2>MUSCADET</h2><h4>Vin blanc sec de Bordeaux</h4><h4>Sevre &amp; Maine</h4><p>
75 cl
<br/>
3.57€/l
</p></a></div><div class="mini_picto_bas"></div></div></div></td><td><!-- PL : ici --><div class="bloc-produit "><div class="bloc-produit-content"><a title="Voir le produit" href="http://www.refonte.auchandirect.fr/boissons/vins-et-champagnes/vin-mousseux/id1/506/40784"><img src="http://www.refonte.auchandirect.fr/static/images/products/line/40784.jpg" alt="" class="produit "/></a><div class="picto"><span class="invisible"></span></div><div class="boutons-produit"><a id="addProductToBasket_27" onclick="javascript:Tapestry.waitForPage(event);" title="Ajouter au panier" class="bt-produit-ajout-panier" href="http://www.refonte.auchandirect.fr/rayon.productgridorlist.productlist_1.thumbnailproduct_0.addproducttobasket/40784?t:ac=818">Ajouter au panier</a><a id="addProductToShoppingList_28" onclick="javascript:Tapestry.waitForPage(event);" title="Ajouter à ma liste" class="bt-produit-ajout-liste" href="http://www.refonte.auchandirect.fr/rayon.productgridorlist.productlist_1.thumbnailproduct_0.addproducttoshoppinglist/40784?t:ac=818">Ajouter à ma liste</a></div><div class="infos-produit-1"><div class="prix-actuel"><span>2.24€</span></div></div><div class="infos-produit-2"><a title="Voir le produit" href="http://www.refonte.auchandirect.fr/boissons/vins-et-champagnes/vin-mousseux/id1/506/40784"><h2>MUSCADOR</h2><h4>Vin mousseux</h4><h4>Blanc</h4><p>
75 cl
<br/>
2.99€/l
</p></a></div><div class="mini_picto_bas"></div></div></div></td></tr><tr><td><!-- PL : ici --><div class="bloc-produit "><div class="bloc-produit-content"><a title="Voir le produit" href="http://www.refonte.auchandirect.fr/boissons/vins-et-champagnes/vin-rosé-mousseux-doux/id1/506/40777"><img src="http://www.refonte.auchandirect.fr/static/images/products/line/40777.jpg" alt="" class="produit "/></a><div class="picto"><span class="invisible"></span></div><div class="boutons-produit"><a id="addProductToBasket_28" onclick="javascript:Tapestry.waitForPage(event);" title="Ajouter au panier" class="bt-produit-ajout-panier" href="http://www.refonte.auchandirect.fr/rayon.productgridorlist.productlist_1.thumbnailproduct_0.addproducttobasket/40777?t:ac=818">Ajouter au panier</a><a id="addProductToShoppingList_29" onclick="javascript:Tapestry.waitForPage(event);" title="Ajouter à ma liste" class="bt-produit-ajout-liste" href="http://www.refonte.auchandirect.fr/rayon.productgridorlist.productlist_1.thumbnailproduct_0.addproducttoshoppinglist/40777?t:ac=818">Ajouter à ma liste</a></div><div class="infos-produit-1"><div class="prix-actuel"><span>2.24€</span></div></div><div class="infos-produit-2"><a title="Voir le produit" href="http://www.refonte.auchandirect.fr/boissons/vins-et-champagnes/vin-rosé-mousseux-doux/id1/506/40777"><h2>MUSCADOR</h2><h4>Vin rosé mousseux doux</h4><h4></h4><p>
75 cl
<br/>
2.99€/l
</p></a></div><div class="mini_picto_bas"></div></div></div></td><td><!-- PL : ici --><div class="bloc-produit "><div class="bloc-produit-content"><a title="Voir le produit" href="http://www.refonte.auchandirect.fr/boissons/vins-et-champagnes/champagne-brut-grande-réserve/id1/506/57810"><img src="http://www.refonte.auchandirect.fr/static/images/products/line/57810.jpg" alt="" class="produit "/></a><div class="picto"><span class="invisible"></span></div><div class="boutons-produit"><a id="addProductToBasket_29" onclick="javascript:Tapestry.waitForPage(event);" title="Ajouter au panier" class="bt-produit-ajout-panier" href="http://www.refonte.auchandirect.fr/rayon.productgridorlist.productlist_1.thumbnailproduct_0.addproducttobasket/57810?t:ac=818">Ajouter au panier</a><a id="addProductToShoppingList_30" onclick="javascript:Tapestry.waitForPage(event);" title="Ajouter à ma liste" class="bt-produit-ajout-liste" href="http://www.refonte.auchandirect.fr/rayon.productgridorlist.productlist_1.thumbnailproduct_0.addproducttoshoppinglist/57810?t:ac=818">Ajouter à ma liste</a></div><div class="infos-produit-1"><div class="prix-actuel"><span>16.69€</span></div></div><div class="infos-produit-2"><a title="Voir le produit" href="http://www.refonte.auchandirect.fr/boissons/vins-et-champagnes/champagne-brut-grande-réserve/id1/506/57810"><h2>NICOLAS FEUILLATTE</h2><h4>Champagne brut grande réserve</h4><h4></h4><p>
37,5 cl
<br/>
44.51€/l
</p></a></div><div class="mini_picto_bas"></div></div></div></td><td><!-- PL : ici --><div class="bloc-produit "><div class="bloc-produit-content"><a title="Voir le produit" href="http://www.refonte.auchandirect.fr/boissons/vins-et-champagnes/champagne-brut/id1/506/1899"><img src="http://www.refonte.auchandirect.fr/static/images/products/line/1899.jpg" alt="" class="produit "/></a><div class="picto"><span class="invisible"></span></div><div class="boutons-produit"><a id="addProductToBasket_30" onclick="javascript:Tapestry.waitForPage(event);" title="Ajouter au panier" class="bt-produit-ajout-panier" href="http://www.refonte.auchandirect.fr/rayon.productgridorlist.productlist_1.thumbnailproduct_0.addproducttobasket/1899?t:ac=818">Ajouter au panier</a><a id="addProductToShoppingList_31" onclick="javascript:Tapestry.waitForPage(event);" title="Ajouter à ma liste" class="bt-produit-ajout-liste" href="http://www.refonte.auchandirect.fr/rayon.productgridorlist.productlist_1.thumbnailproduct_0.addproducttoshoppinglist/1899?t:ac=818">Ajouter à ma liste</a></div><div class="infos-produit-1"><div class="prix-actuel"><span>19.94€</span></div></div><div class="infos-produit-2"><a title="Voir le produit" href="http://www.refonte.auchandirect.fr/boissons/vins-et-champagnes/champagne-brut/id1/506/1899"><h2>NICOLAS FEUILLATTE</h2><h4>Champagne brut</h4><h4></h4><p>
75 cl
<br/>
26.59€/l
</p></a></div><div class="mini_picto_bas"></div></div></div></td></tr><tr><td><!-- PL : ici --><div class="bloc-produit produit-auchan"><div class="bloc-produit-content"><a title="Voir le produit" href="http://www.refonte.auchandirect.fr/boissons/vins-et-champagnes/vin-mousseux-blanc-brut/id1/506/1760"><img src="http://www.refonte.auchandirect.fr/static/images/products/line/1760.jpg" alt="" class="produit "/></a><div class="picto"><span class="invisible"></span></div><div class="boutons-produit"><a id="addProductToBasket_31" onclick="javascript:Tapestry.waitForPage(event);" title="Ajouter au panier" class="bt-produit-ajout-panier" href="http://www.refonte.auchandirect.fr/rayon.productgridorlist.productlist_1.thumbnailproduct_0.addproducttobasket/1760?t:ac=818">Ajouter au panier</a><a id="addProductToShoppingList_32" onclick="javascript:Tapestry.waitForPage(event);" title="Ajouter à ma liste" class="bt-produit-ajout-liste" href="http://www.refonte.auchandirect.fr/rayon.productgridorlist.productlist_1.thumbnailproduct_0.addproducttoshoppinglist/1760?t:ac=818">Ajouter à ma liste</a></div><div class="infos-produit-1"><div class="prix-actuel"><span>4.76€</span></div></div><div class="infos-produit-2"><a title="Voir le produit" href="http://www.refonte.auchandirect.fr/boissons/vins-et-champagnes/vin-mousseux-blanc-brut/id1/506/1760"><h2>PIERRE CHANAU</h2><h4>Vin mousseux blanc brut</h4><h4>Saumur</h4><p>
75 cl
<br/>
6.35€/l
</p></a></div><div class="mini_picto_bas"><img src="http://www.refonte.auchandirect.fr/static/images/pierre-chanau_small.jpg"/></div></div></div></td><td><!-- PL : ici --><div class="bloc-produit produit-auchan"><div class="bloc-produit-content"><a title="Voir le produit" href="http://www.refonte.auchandirect.fr/boissons/vins-et-champagnes/crémant-d'alsace-brut/id1/506/1750"><img src="http://www.refonte.auchandirect.fr/static/images/products/line/1750.jpg" alt="" class="produit "/></a><div class="picto"><span class="invisible"></span></div><div class="boutons-produit"><a id="addProductToBasket_32" onclick="javascript:Tapestry.waitForPage(event);" title="Ajouter au panier" class="bt-produit-ajout-panier" href="http://www.refonte.auchandirect.fr/rayon.productgridorlist.productlist_1.thumbnailproduct_0.addproducttobasket/1750?t:ac=818">Ajouter au panier</a><a id="addProductToShoppingList_33" onclick="javascript:Tapestry.waitForPage(event);" title="Ajouter à ma liste" class="bt-produit-ajout-liste" href="http://www.refonte.auchandirect.fr/rayon.productgridorlist.productlist_1.thumbnailproduct_0.addproducttoshoppinglist/1750?t:ac=818">Ajouter à ma liste</a></div><div class="infos-produit-1"><div class="prix-actuel"><span>6.10€</span></div></div><div class="infos-produit-2"><a title="Voir le produit" href="http://www.refonte.auchandirect.fr/boissons/vins-et-champagnes/crémant-d'alsace-brut/id1/506/1750"><h2>PIERRE CHANAU</h2><h4>Crémant d'Alsace brut</h4><h4></h4><p>
75 cl
<br/>
8.13€/l
</p></a></div><div class="mini_picto_bas"><img src="http://www.refonte.auchandirect.fr/static/images/pierre-chanau_small.jpg"/></div></div></div></td><td><!-- PL : ici --><div class="bloc-produit "><div class="bloc-produit-content"><a title="Voir le produit" href="http://www.refonte.auchandirect.fr/boissons/vins-et-champagnes/champagne-brut/id1/506/1695"><img src="http://www.refonte.auchandirect.fr/static/images/products/line/1695.jpg" alt="" class="produit "/></a><div class="picto"><span class="invisible"></span></div><div class="boutons-produit"><a id="addProductToBasket_33" onclick="javascript:Tapestry.waitForPage(event);" title="Ajouter au panier" class="bt-produit-ajout-panier" href="http://www.refonte.auchandirect.fr/rayon.productgridorlist.productlist_1.thumbnailproduct_0.addproducttobasket/1695?t:ac=818">Ajouter au panier</a><a id="addProductToShoppingList_34" onclick="javascript:Tapestry.waitForPage(event);" title="Ajouter à ma liste" class="bt-produit-ajout-liste" href="http://www.refonte.auchandirect.fr/rayon.productgridorlist.productlist_1.thumbnailproduct_0.addproducttoshoppinglist/1695?t:ac=818">Ajouter à ma liste</a></div><div class="infos-produit-1"><div class="prix-actuel"><span>26.75€</span></div></div><div class="infos-produit-2"><a title="Voir le produit" href="http://www.refonte.auchandirect.fr/boissons/vins-et-champagnes/champagne-brut/id1/506/1695"><h2>PIPER-HEIDSIECK</h2><h4>Champagne brut</h4><h4></h4><p>
75 cl
<br/>
35.67€/l
</p></a></div><div class="mini_picto_bas"></div></div></div></td></tr><tr><td><!-- PL : ici --><div class="bloc-produit "><div class="bloc-produit-content"><a title="Voir le produit" href="http://www.refonte.auchandirect.fr/boissons/vins-et-champagnes/champagne-brut-rosé-sauvage/id1/506/31386"><img src="http://www.refonte.auchandirect.fr/static/images/products/line/31386.jpg" alt="" class="produit "/></a><div class="picto"><span class="invisible"></span></div><div class="boutons-produit"><a id="addProductToBasket_34" onclick="javascript:Tapestry.waitForPage(event);" title="Ajouter au panier" class="bt-produit-ajout-panier" href="http://www.refonte.auchandirect.fr/rayon.productgridorlist.productlist_1.thumbnailproduct_0.addproducttobasket/31386?t:ac=818">Ajouter au panier</a><a id="addProductToShoppingList_35" onclick="javascript:Tapestry.waitForPage(event);" title="Ajouter à ma liste" class="bt-produit-ajout-liste" href="http://www.refonte.auchandirect.fr/rayon.productgridorlist.productlist_1.thumbnailproduct_0.addproducttoshoppinglist/31386?t:ac=818">Ajouter à ma liste</a></div><div class="infos-produit-1"><div class="prix-actuel"><span>35.65€</span></div></div><div class="infos-produit-2"><a title="Voir le produit" href="http://www.refonte.auchandirect.fr/boissons/vins-et-champagnes/champagne-brut-rosé-sauvage/id1/506/31386"><h2>PIPER-HEIDSIECK</h2><h4>Champagne Brut rosé sauvage</h4><h4>Rosé sauvage</h4><p>
75 cl
<br/>
47.53€/l
</p></a></div><div class="mini_picto_bas"></div></div></div></td><td><!-- PL : ici --><div class="bloc-produit "><div class="bloc-produit-content"><a title="Voir le produit" href="http://www.refonte.auchandirect.fr/boissons/vins-et-champagnes/vin-effervescent-aoc-saumur-rosé-brut/id1/506/28138"><img src="http://www.refonte.auchandirect.fr/static/images/products/line/28138.jpg" alt="" class="produit "/></a><div class="picto"><span class="invisible"></span></div><div class="boutons-produit"><a id="addProductToBasket_35" onclick="javascript:Tapestry.waitForPage(event);" title="Ajouter au panier" class="bt-produit-ajout-panier" href="http://www.refonte.auchandirect.fr/rayon.productgridorlist.productlist_1.thumbnailproduct_0.addproducttobasket/28138?t:ac=818">Ajouter au panier</a><a id="addProductToShoppingList_36" onclick="javascript:Tapestry.waitForPage(event);" title="Ajouter à ma liste" class="bt-produit-ajout-liste" href="http://www.refonte.auchandirect.fr/rayon.productgridorlist.productlist_1.thumbnailproduct_0.addproducttoshoppinglist/28138?t:ac=818">Ajouter à ma liste</a></div><div class="infos-produit-1"><div class="prix-actuel"><span>4.88€</span></div></div><div class="infos-produit-2"><a title="Voir le produit" href="http://www.refonte.auchandirect.fr/boissons/vins-et-champagnes/vin-effervescent-aoc-saumur-rosé-brut/id1/506/28138"><h2>SAUMUR</h2><h4>Vin effervescent aoc saumur rosé brut</h4><h4>Pierre Chanau</h4><p>
75 cl
<br/>
6.51€/l
</p></a></div><div class="mini_picto_bas"><img src="http://www.refonte.auchandirect.fr/static/images/AOC_small.jpg"/><img src="http://www.refonte.auchandirect.fr/static/images/pierre-chanau_small.jpg"/></div></div></div></td><td><!-- PL : ici --><div class="bloc-produit "><div class="bloc-produit-content"><a title="Voir le produit" href="http://www.refonte.auchandirect.fr/boissons/vins-et-champagnes/champagne-brut/id1/506/35211"><img src="http://www.refonte.auchandirect.fr/static/images/products/line/35211.jpg" alt="" class="produit "/></a><div class="picto"><span class="invisible"></span></div><div class="boutons-produit"><a id="addProductToBasket_36" onclick="javascript:Tapestry.waitForPage(event);" title="Ajouter au panier" class="bt-produit-ajout-panier" href="http://www.refonte.auchandirect.fr/rayon.productgridorlist.productlist_1.thumbnailproduct_0.addproducttobasket/35211?t:ac=818">Ajouter au panier</a><a id="addProductToShoppingList_37" onclick="javascript:Tapestry.waitForPage(event);" title="Ajouter à ma liste" class="bt-produit-ajout-liste" href="http://www.refonte.auchandirect.fr/rayon.productgridorlist.productlist_1.thumbnailproduct_0.addproducttoshoppinglist/35211?t:ac=818">Ajouter à ma liste</a></div><div class="infos-produit-1"><div class="prix-actuel"><span>35.49€</span></div></div><div class="infos-produit-2"><a title="Voir le produit" href="http://www.refonte.auchandirect.fr/boissons/vins-et-champagnes/champagne-brut/id1/506/35211"><h2>TAITTINGER</h2><h4>Champagne brut</h4><h4></h4><p>
75 cl
<br/>
47.32€/l
</p></a></div><div class="mini_picto_bas"></div></div></div></td></tr><tr><td><!-- PL : ici --><div class="bloc-produit "><div class="bloc-produit-content"><a title="Voir le produit" href="http://www.refonte.auchandirect.fr/boissons/vins-et-champagnes/saumur-brut/id1/506/104141"><img src="http://www.refonte.auchandirect.fr/static/images/products/line/104141.jpg" alt="" class="produit "/></a><div class="picto"><span class="invisible"></span></div><div class="boutons-produit"><a id="addProductToBasket_37" onclick="javascript:Tapestry.waitForPage(event);" title="Ajouter au panier" class="bt-produit-ajout-panier" href="http://www.refonte.auchandirect.fr/rayon.productgridorlist.productlist_1.thumbnailproduct_0.addproducttobasket/104141?t:ac=818">Ajouter au panier</a><a id="addProductToShoppingList_38" onclick="javascript:Tapestry.waitForPage(event);" title="Ajouter à ma liste" class="bt-produit-ajout-liste" href="http://www.refonte.auchandirect.fr/rayon.productgridorlist.productlist_1.thumbnailproduct_0.addproducttoshoppinglist/104141?t:ac=818">Ajouter à ma liste</a></div><div class="infos-produit-1"><div class="prix-actuel"><span>6.95€</span></div></div><div class="infos-produit-2"><a title="Voir le produit" href="http://www.refonte.auchandirect.fr/boissons/vins-et-champagnes/saumur-brut/id1/506/104141"><h2>VEUVE AMIOT</h2><h4>Saumur brut</h4><h4></h4><p>
75 cl
<br/>
9.27€/l
</p></a></div><div class="mini_picto_bas"><img src="http://www.refonte.auchandirect.fr/static/images/medaille-dor_small.jpg"/></div></div></div></td><td><!-- PL : ici --><div class="bloc-produit "><div class="bloc-produit-content"><a title="Voir le produit" href="http://www.refonte.auchandirect.fr/boissons/vins-et-champagnes/champagne-brut/id1/506/9592"><img src="http://www.refonte.auchandirect.fr/static/images/products/line/9592.jpg" alt="" class="produit "/></a><div class="picto"><span class="invisible"></span></div><div class="boutons-produit"><a id="addProductToBasket_38" onclick="javascript:Tapestry.waitForPage(event);" title="Ajouter au panier" class="bt-produit-ajout-panier" href="http://www.refonte.auchandirect.fr/rayon.productgridorlist.productlist_1.thumbnailproduct_0.addproducttobasket/9592?t:ac=818">Ajouter au panier</a><a id="addProductToShoppingList_39" onclick="javascript:Tapestry.waitForPage(event);" title="Ajouter à ma liste" class="bt-produit-ajout-liste" href="http://www.refonte.auchandirect.fr/rayon.productgridorlist.productlist_1.thumbnailproduct_0.addproducttoshoppinglist/9592?t:ac=818">Ajouter à ma liste</a></div><div class="infos-produit-1"><div class="prix-actuel"><span>36.85€</span></div></div><div class="infos-produit-2"><a title="Voir le produit" href="http://www.refonte.auchandirect.fr/boissons/vins-et-champagnes/champagne-brut/id1/506/9592"><h2>VEUVE CLICQUOT-PONSARDIN</h2><h4>Champagne brut</h4><h4>Carte Jaune</h4><p>
75 cl
<br/>
49.13€/l
</p></a></div><div class="mini_picto_bas"></div></div></div></td><td><!-- PL : ici --><div class="bloc-produit promotion bientot-dispo"><div class="bloc-produit-content"><a title="Voir le produit" href="http://www.refonte.auchandirect.fr/boissons/vins-et-champagnes/champagne-brut/id1/506/2188"><img src="http://www.refonte.auchandirect.fr/static/images/products/line/2188.jpg" alt="" class="produit "/></a><div class="picto"><span class="invisible"></span></div><img src="http://www.refonte.auchandirect.fr/static/images/promo_small.png" class="ruban"/><div class="boutons-produit"><a class="bt-produit-ajout-panier disable" title="Bientôt disponible" href="javascript:void(0)">Bientôt disponible</a><a id="addProductToShoppingList_40" onclick="javascript:Tapestry.waitForPage(event);" title="Ajouter à ma liste" class="bt-produit-ajout-liste" href="http://www.refonte.auchandirect.fr/rayon.productgridorlist.productlist_1.thumbnailproduct_0.addproducttoshoppinglist/2188?t:ac=818">Ajouter à ma liste</a></div><div class="infos-produit-1"><div class="prix-actuel"><span>17.84€</span></div></div><div class="infos-produit-2"><a title="Voir le produit" href="http://www.refonte.auchandirect.fr/boissons/vins-et-champagnes/champagne-brut/id1/506/2188"><h2>VEUVE EMILLE</h2><h4>Champagne brut</h4><h4>Grande Réserve</h4><p>
75 cl
<br/>
23.79€/l
</p></a></div><div class="mini_picto_bas"></div></div></div></td></tr><tr><td><!-- PL : ici --><div class="bloc-produit "><div class="bloc-produit-content"><a title="Voir le produit" href="http://www.refonte.auchandirect.fr/boissons/vins-et-champagnes/champagne-brut/id1/506/1240"><img src="http://www.refonte.auchandirect.fr/static/images/products/line/1240.jpg" alt="" class="produit "/></a><div class="picto"><span class="invisible"></span></div><div class="boutons-produit"><a id="addProductToBasket_39" onclick="javascript:Tapestry.waitForPage(event);" title="Ajouter au panier" class="bt-produit-ajout-panier" href="http://www.refonte.auchandirect.fr/rayon.productgridorlist.productlist_1.thumbnailproduct_0.addproducttobasket/1240?t:ac=818">Ajouter au panier</a><a id="addProductToShoppingList_41" onclick="javascript:Tapestry.waitForPage(event);" title="Ajouter à ma liste" class="bt-produit-ajout-liste" href="http://www.refonte.auchandirect.fr/rayon.productgridorlist.productlist_1.thumbnailproduct_0.addproducttoshoppinglist/1240?t:ac=818">Ajouter à ma liste</a></div><div class="infos-produit-1"><div class="prix-actuel"><span>15.74€</span></div></div><div class="infos-produit-2"><a title="Voir le produit" href="http://www.refonte.auchandirect.fr/boissons/vins-et-champagnes/champagne-brut/id1/506/1240"><h2>VEUVE EMILLE</h2><h4>Champagne brut</h4><h4></h4><p>
75 cl
<br/>
20.99€/l
</p></a></div><div class="mini_picto_bas"></div></div></div></td><td><!-- PL : ici --><div class="bloc-produit "><div class="bloc-produit-content"><a title="Voir le produit" href="http://www.refonte.auchandirect.fr/boissons/vins-et-champagnes/champagne-brut/id1/506/1241"><img src="http://www.refonte.auchandirect.fr/static/images/products/line/1241.jpg" alt="" class="produit "/></a><div class="picto"><span class="invisible"></span></div><div class="boutons-produit"><a id="addProductToBasket_40" onclick="javascript:Tapestry.waitForPage(event);" title="Ajouter au panier" class="bt-produit-ajout-panier" href="http://www.refonte.auchandirect.fr/rayon.productgridorlist.productlist_1.thumbnailproduct_0.addproducttobasket/1241?t:ac=818">Ajouter au panier</a><a id="addProductToShoppingList_42" onclick="javascript:Tapestry.waitForPage(event);" title="Ajouter à ma liste" class="bt-produit-ajout-liste" href="http://www.refonte.auchandirect.fr/rayon.productgridorlist.productlist_1.thumbnailproduct_0.addproducttoshoppinglist/1241?t:ac=818">Ajouter à ma liste</a></div><div class="infos-produit-1"><div class="prix-actuel"><span>9.44€</span></div></div><div class="infos-produit-2"><a title="Voir le produit" href="http://www.refonte.auchandirect.fr/boissons/vins-et-champagnes/champagne-brut/id1/506/1241"><h2>VEUVE EMILLE</h2><h4>Champagne brut</h4><h4></h4><p>
37,5 cl
<br/>
25.17€/l
</p></a></div><div class="mini_picto_bas"></div></div></div></td><td><!-- PL : ici --><div class="bloc-produit "><div class="bloc-produit-content"><a title="Voir le produit" href="http://www.refonte.auchandirect.fr/boissons/vins-et-champagnes/champagne-demi-sec/id1/506/1264"><img src="http://www.refonte.auchandirect.fr/static/images/products/line/1264.jpg" alt="" class="produit "/></a><div class="picto"><span class="invisible"></span></div><div class="boutons-produit"><a id="addProductToBasket_41" onclick="javascript:Tapestry.waitForPage(event);" title="Ajouter au panier" class="bt-produit-ajout-panier" href="http://www.refonte.auchandirect.fr/rayon.productgridorlist.productlist_1.thumbnailproduct_0.addproducttobasket/1264?t:ac=818">Ajouter au panier</a><a id="addProductToShoppingList_43" onclick="javascript:Tapestry.waitForPage(event);" title="Ajouter à ma liste" class="bt-produit-ajout-liste" href="http://www.refonte.auchandirect.fr/rayon.productgridorlist.productlist_1.thumbnailproduct_0.addproducttoshoppinglist/1264?t:ac=818">Ajouter à ma liste</a></div><div class="infos-produit-1"><div class="prix-actuel"><span>15.74€</span></div></div><div class="infos-produit-2"><a title="Voir le produit" href="http://www.refonte.auchandirect.fr/boissons/vins-et-champagnes/champagne-demi-sec/id1/506/1264"><h2>VEUVE EMILLE</h2><h4>Champagne demi-sec</h4><h4></h4><p>
75 cl
<br/>
20.99€/l
</p></a></div><div class="mini_picto_bas"></div></div></div></td></tr><tr><td><!-- PL : ici --><div class="bloc-produit "><div class="bloc-produit-content"><a title="Voir le produit" href="http://www.refonte.auchandirect.fr/boissons/vins-et-champagnes/champagne-brut/id1/506/1261"><img src="http://www.refonte.auchandirect.fr/static/images/products/line/1261.jpg" alt="" class="produit "/></a><div class="picto"><span class="invisible"></span></div><div class="boutons-produit"><a id="addProductToBasket_42" onclick="javascript:Tapestry.waitForPage(event);" title="Ajouter au panier" class="bt-produit-ajout-panier" href="http://www.refonte.auchandirect.fr/rayon.productgridorlist.productlist_1.thumbnailproduct_0.addproducttobasket/1261?t:ac=818">Ajouter au panier</a><a id="addProductToShoppingList_44" onclick="javascript:Tapestry.waitForPage(event);" title="Ajouter à ma liste" class="bt-produit-ajout-liste" href="http://www.refonte.auchandirect.fr/rayon.productgridorlist.productlist_1.thumbnailproduct_0.addproducttoshoppinglist/1261?t:ac=818">Ajouter à ma liste</a></div><div class="infos-produit-1"><div class="prix-actuel"><span>20.42€</span></div></div><div class="infos-produit-2"><a title="Voir le produit" href="http://www.refonte.auchandirect.fr/boissons/vins-et-champagnes/champagne-brut/id1/506/1261"><h2>VEUVE EMILLE</h2><h4>Champagne brut</h4><h4>Rosé</h4><p>
75 cl
<br/>
27.23€/l
</p></a></div><div class="mini_picto_bas"></div></div></div></td><td><!-- PL : ici --><div class="bloc-produit "><div class="bloc-produit-content"><a title="Voir le produit" href="http://www.refonte.auchandirect.fr/boissons/vins-et-champagnes/vin-mousseux-brut/id1/506/40786"><img src="http://www.refonte.auchandirect.fr/static/images/products/line/40786.jpg" alt="" class="produit "/></a><div class="picto"><span class="invisible"></span></div><div class="boutons-produit"><a id="addProductToBasket_43" onclick="javascript:Tapestry.waitForPage(event);" title="Ajouter au panier" class="bt-produit-ajout-panier" href="http://www.refonte.auchandirect.fr/rayon.productgridorlist.productlist_1.thumbnailproduct_0.addproducttobasket/40786?t:ac=818">Ajouter au panier</a><a id="addProductToShoppingList_45" onclick="javascript:Tapestry.waitForPage(event);" title="Ajouter à ma liste" class="bt-produit-ajout-liste" href="http://www.refonte.auchandirect.fr/rayon.productgridorlist.productlist_1.thumbnailproduct_0.addproducttoshoppinglist/40786?t:ac=818">Ajouter à ma liste</a></div><div class="infos-produit-1"><div class="prix-actuel"><span>3.52€</span></div></div><div class="infos-produit-2"><a title="Voir le produit" href="http://www.refonte.auchandirect.fr/boissons/vins-et-champagnes/vin-mousseux-brut/id1/506/40786"><h2>VEUVE PAUL BUR</h2><h4>Vin mousseux brut</h4><h4>Blanc de blancs</h4><p>
75 cl
<br/>
4.69€/l
</p></a></div><div class="mini_picto_bas"></div></div></div></td><td><!-- PL : ici --><div class="bloc-produit "><div class="bloc-produit-content"><a title="Voir le produit" href="http://www.refonte.auchandirect.fr/boissons/vins-et-champagnes/vin-blanc-pétillant-brut/id1/506/54165"><img src="http://www.refonte.auchandirect.fr/static/images/products/line/54165.jpg" alt="" class="produit "/></a><div class="picto"><span class="invisible"></span></div><div class="boutons-produit"><a id="addProductToBasket_44" onclick="javascript:Tapestry.waitForPage(event);" title="Ajouter au panier" class="bt-produit-ajout-panier" href="http://www.refonte.auchandirect.fr/rayon.productgridorlist.productlist_1.thumbnailproduct_0.addproducttobasket/54165?t:ac=818">Ajouter au panier</a><a id="addProductToShoppingList_46" onclick="javascript:Tapestry.waitForPage(event);" title="Ajouter à ma liste" class="bt-produit-ajout-liste" href="http://www.refonte.auchandirect.fr/rayon.productgridorlist.productlist_1.thumbnailproduct_0.addproducttoshoppinglist/54165?t:ac=818">Ajouter à ma liste</a></div><div class="infos-produit-1"><div class="prix-actuel"><span>7.51€</span></div></div><div class="infos-produit-2"><a title="Voir le produit" href="http://www.refonte.auchandirect.fr/boissons/vins-et-champagnes/vin-blanc-pétillant-brut/id1/506/54165"><h2>VOUVRAY</h2><h4>Vin Blanc pétillant brut</h4><h4>Les Tuffières</h4><p>
75 cl
<br/>
10.01€/l
</p></a></div><div class="mini_picto_bas"><img src="http://www.refonte.auchandirect.fr/static/images/AB_small.jpg"/></div></div></div></td></tr><tr><td><!-- PL : ici --><div class="bloc-produit "><div class="bloc-produit-content"><a title="Voir le produit" href="http://www.refonte.auchandirect.fr/boissons/vins-et-champagnes/champagne-brut/id1/506/1900"><img src="http://www.refonte.auchandirect.fr/static/images/products/line/1900.jpg" alt="" class="produit "/></a><div class="picto"><span class="invisible"></span></div><div class="boutons-produit"><a id="addProductToBasket_45" onclick="javascript:Tapestry.waitForPage(event);" title="Ajouter au panier" class="bt-produit-ajout-panier" href="http://www.refonte.auchandirect.fr/rayon.productgridorlist.productlist_1.thumbnailproduct_0.addproducttobasket/1900?t:ac=818">Ajouter au panier</a><a id="addProductToShoppingList_47" onclick="javascript:Tapestry.waitForPage(event);" title="Ajouter à ma liste" class="bt-produit-ajout-liste" href="http://www.refonte.auchandirect.fr/rayon.productgridorlist.productlist_1.thumbnailproduct_0.addproducttoshoppinglist/1900?t:ac=818">Ajouter à ma liste</a></div><div class="infos-produit-1"><div class="prix-actuel"><span>20.35€</span></div></div><div class="infos-produit-2"><a title="Voir le produit" href="http://www.refonte.auchandirect.fr/boissons/vins-et-champagnes/champagne-brut/id1/506/1900"><h2>VRANKEN</h2><h4>Champagne brut</h4><h4>Tête de cuvée</h4><p>
75 cl
<br/>
27.13€/l
</p></a></div><div class="mini_picto_bas"></div></div></div></td><td><!-- PL : ici --><div class="bloc-produit "><div class="bloc-produit-content"><a title="Voir le produit" href="http://www.refonte.auchandirect.fr/boissons/vins-et-champagnes/crémant-d'alsace-brut/id1/506/1749"><img src="http://www.refonte.auchandirect.fr/static/images/products/line/1749.jpg" alt="" class="produit "/></a><div class="picto"><span class="invisible"></span></div><div class="boutons-produit"><a id="addProductToBasket_46" onclick="javascript:Tapestry.waitForPage(event);" title="Ajouter au panier" class="bt-produit-ajout-panier" href="http://www.refonte.auchandirect.fr/rayon.productgridorlist.productlist_1.thumbnailproduct_0.addproducttobasket/1749?t:ac=818">Ajouter au panier</a><a id="addProductToShoppingList_48" onclick="javascript:Tapestry.waitForPage(event);" title="Ajouter à ma liste" class="bt-produit-ajout-liste" href="http://www.refonte.auchandirect.fr/rayon.productgridorlist.productlist_1.thumbnailproduct_0.addproducttoshoppinglist/1749?t:ac=818">Ajouter à ma liste</a></div><div class="infos-produit-1"><div class="prix-actuel"><span>7.55€</span></div></div><div class="infos-produit-2"><a title="Voir le produit" href="http://www.refonte.auchandirect.fr/boissons/vins-et-champagnes/crémant-d'alsace-brut/id1/506/1749"><h2>WOLFBERGER</h2><h4>Crémant d'Alsace brut</h4><h4></h4><p>
75 cl
<br/>
10.07€/l
</p></a></div><div class="mini_picto_bas"></div></div></div></td><td><!-- PL : ici --><div class="bloc-produit "><div class="bloc-produit-content"><a title="Voir le produit" href="http://www.refonte.auchandirect.fr/gamla-brut/id1/0/56930"><img src="http://www.refonte.auchandirect.fr/static/images/products/line/56930.jpg" alt="" class="produit "/></a><div class="picto"><span class="invisible"></span></div><div class="boutons-produit"><a id="addProductToBasket_47" onclick="javascript:Tapestry.waitForPage(event);" title="Ajouter au panier" class="bt-produit-ajout-panier" href="http://www.refonte.auchandirect.fr/rayon.productgridorlist.productlist_1.thumbnailproduct_0.addproducttobasket/56930?t:ac=818">Ajouter au panier</a><a id="addProductToShoppingList_49" onclick="javascript:Tapestry.waitForPage(event);" title="Ajouter à ma liste" class="bt-produit-ajout-liste" href="http://www.refonte.auchandirect.fr/rayon.productgridorlist.productlist_1.thumbnailproduct_0.addproducttoshoppinglist/56930?t:ac=818">Ajouter à ma liste</a></div><div class="infos-produit-1"><div class="prix-actuel"><span>20.60€</span></div></div><div class="infos-produit-2"><a title="Voir le produit" href="http://www.refonte.auchandirect.fr/gamla-brut/id1/0/56930"><h2>YARDEN</h2><h4>Gamla brut</h4><h4></h4><p>
75 cl
<br/>
27.47€/l
</p></a></div><div class="mini_picto_bas"><img src="http://www.refonte.auchandirect.fr/static/images/cacher_small.jpg"/></div></div></div></td></tr></table></div></div></div><!-- t:zone t:id="productListZone" t:update="show">
							<t:if test="specificCategory">
								<div id="${productListDivId}" class="liste clear-container">
									<bean t:type="products/lists/productList" categoryId="categoryId" products="products" listType="displayType" specifCategory="true" />
								</div>
							<p:else>
								<div id="${productListDivId}" class="liste clear-container">
									<bean t:type="products/lists/productList" categoryId="categoryId" products="products" listType="displayType" />
								</div>
							</p:else>
							</t:if>
						</t:zone --><!-- Bannière bas --><div class="zone-admin diff-zone"></div><!--  --><div class="clear-container" id="liste-produits-infos"><p>
Si vous avez des suggestions de produits,
<a id="suggestionPopup" onclick="javascript:Tapestry.waitForPage(event);" class="orange-link" shape="rect" href="http://www.refonte.auchandirect.fr/rayon.suggestionpopup?t:ac=818">dites-le nous !</a><span class="backtotop"><a shape="rect" href="818.html#top">Retour en haut de page</a></span></p></div></div><div style="position: relative" class="right-content"><div style="position: relative" id="wrapper_for_fixed_content"><!-- <div id="wrapper_for_fixed_content" xmlns:t="http://tapestry.apache.org/schema/tapestry_5_1_0.xsd" xmlns:p="tapestry:parameter"> --><div id="tout-en-un-client"><div class="item first" id="tout-en-un-compte"><h3>Mon Compte</h3><p><a id="eventlink" onclick="javascript:Tapestry.waitForPage(event);" href="http://www.refonte.auchandirect.fr/rayon.customerinfos:showsigninpopup?t:ac=818">Identifiez-vous</a><a> - </a><a id="registerPopup" onclick="javascript:Tapestry.waitForPage(event);" href="http://www.refonte.auchandirect.fr/rayon.customerinfos.registerpopup?t:ac=818">Inscrivez-vous</a></p></div><div class="item" id="tout-en-un-commandes"><h3>Mes commandes</h3><p><a id="popupAuth" onclick="javascript:Tapestry.waitForPage(event);" href="http://www.refonte.auchandirect.fr/rayon.customerinfos.popupauth?t:ac=818">Consultez vos commandes en cours et passées</a></p></div><div class="item" id="tout-en-un-livraison"><h3>
Ma livraison
</h3><p class="t-zone" id="slotInfoZone"><a id="showSlotTab" onclick="javascript:Tapestry.waitForPage(event);" href="http://www.refonte.auchandirect.fr/rayon.customerinfos.slotinfo.showslottab?t:ac=818"><span class="item-texte">
Prochaine livraison possible
</span><span class="item-date">mardi 15/01 entre 08h00 et 10h00</span></a></p></div><div class="t-zone" id="accountSummaryTabContentZone"><div id="onglets"><ul class="menu menu-horizontal tabs float-container"><li><a id="basket" onclick="javascript:Tapestry.waitForPage(event);" title="Mon panier" class="onglet-panier current" href="http://www.refonte.auchandirect.fr/rayon.customerinfos.basket?t:ac=818"><span class="invisible">Mon panier</span></a></li><li><a id="lists" onclick="javascript:Tapestry.waitForPage(event);" title="Mes listes" class="onglet-listes " href="http://www.refonte.auchandirect.fr/rayon.customerinfos.lists?t:ac=818"><span class="invisible">Mes listes</span></a></li><li><a id="topBasket" onclick="javascript:Tapestry.waitForPage(event);" title="Lancer mon top panier" class="onglet-top-panier " href="http://www.refonte.auchandirect.fr/rayon.customerinfos.topbasket?t:ac=818"><span class="invisible">[[missing key: customerInfos.top]]</span></a></li></ul><div class="panes"><div class="item" id="panel-panier"><div class="t-zone" id="completeMiniBasketZone"><div class="t-zone" id="miniBasket"><p>Votre panier est vide</p><ul class="menu menu-horizontal"><li><a title="Voir le détails de votre panier" class="panier-bt-voir" href="../../../../monpanier.html"></a></li></ul></div><div class="bouton-right-container"><div class="container-bouton-type1"><a id="validateBasket" onclick="javascript:Tapestry.waitForPage(event);" class="bouton-type1" href="http://www.refonte.auchandirect.fr/rayon.customerinfos.minibasket.validatebasket?t:ac=818">
Valider mon panier
</a></div></div><div class="clear"></div></div></div></div></div></div></div><!-- </div> --><!-- <bean t:type="misc/commitment/expandedCommitment" /> --></div></div></div></div><!-- div class="float-container" id="footer-menu-annexe" xmlns:t="http://tapestry.apache.org/schema/tapestry_5_1_0.xsd">
	<ul class="menu menu-horizontal">
		<li>
			<t:pagelink t:page="apropos/engagement">
				<t:outputraw value="message:link.engagement.lbl" />
			</t:pagelink>
		</li>
		<li>
			<t:pagelink t:page="apropos/contact">
				<t:outputraw value="message:link.contact.lbl" />
			</t:pagelink>
		</li>
		<li>
			<t:pagelink t:page="apropos/faq">
				<t:outputraw value="message:link.faq.lbl" />
			</t:pagelink>
		</li>
		<li>
			<t:pagelink t:page="apropos/cgv">
				<t:outputraw value="message:link.cgv.lbl" />
			</t:pagelink>
		</li>
		<li>
			<t:pagelink t:page="apropos/operations">
				<t:outputraw value="message:link.operations.lbl" />
			</t:pagelink>
		</li>
		<li>
			<t:pagelink t:page="apropos/legal">
				<t:outputraw value="message:link.legal.lbl" />
			</t:pagelink>
		</li>
	</ul>
</div --><div id="footer-menu-annexe" class="float-container">
<ul class="menu menu-horizontal">
	<li><a href="http://www.refonte.auchandirect.fr/apropos/engagement">Engagements</a></li>
	<li><a href="http://www.refonte.auchandirect.fr/apropos/contact">Contactez-nous</a></li>
	<li><a href="http://www.refonte.auchandirect.fr/apropos/faq">FAQ</a></li>
	<li><a href="http://www.refonte.auchandirect.fr/apropos/cgv">Conditions g&eacute;n&eacute;rales de vente</a></li>
	<li><a href="http://www.refonte.auchandirect.fr/apropos/operations">Op&eacute;rations commerciales</a></li>
	<li><a href="http://www.refonte.auchandirect.fr/apropos/legal">Mentions l&eacute;gales</a></li>
	<li><a href="../../../../actus.html">Actualit&eacute;s</a> </li>
</ul>
</div>
<!-- div class="float-container" id="footer-infos" xmlns:t="http://tapestry.apache.org/schema/tapestry_5_1_0.xsd">
	<div id="info-facebook">
		<a href="http://www.facebook.com/Auchandirect.fr" target="_blank">
			<img width="26" height="26" alt="${message:facebook.img.alt}" src="/static/images/icone-facebook.png" />
		</a>
		<a href="http://www.facebook.com/Auchandirect.fr" target="_blank">	
			<span><t:outputraw value="message:facebook.fan.lbl" /></span>
		</a>
	</div>
	<div id="infos-contact">
		<div id="infos-contact-titre">
			<t:outputraw value="message:info.contact.lbl" />
		</div>
		<div id="infos-contact-tel">
			<t:outputraw value="message:info.phone.lbl" />
		</div>
		<div id="infos-contact-mail">
			<t:outputraw value="message:info.mail.lbl" />
		</div>
		<div id="eco-responsable">
			<img src="/static/images/picto-carton.png" width="142" height="126" alt="${message:eco.resp.alt}" />
		</div>
	</div>
</div --><div id="footer-infos" class="float-container">
<div id="info-facebook">
<a href="http://www.facebook.com/Auchandirect.fr" target="_blank"><img src="http://www.refonte.auchandirect.fr/static/images/icone-facebook.png" alt="auchandirect sur facebook" width="26" height="26" /></a><a href="http://www.facebook.com/Auchandirect.fr" target="_blank"><span>Devenez fan !</span></a>
</div>
<div id="infos-contact">
<div id="infos-contact-titre">
Contactez votre service client :
</div>
<div id="infos-contact-tel">
<strong>Par t&eacute;l&eacute;phone : 01 56 30 91 00 </strong>Du lundi au vendredi de 8H &agrave; 22H et le samedi de 9H &agrave; 18H (Appel non surtax&eacute;)
</div>
<div id="infos-contact-mail">
<strong>Par email : <a href="mailto:client@auchandirect.fr">client@auchandirect.fr</a></strong>
</div>
<div id="eco-responsable">
<img src="http://www.refonte.auchandirect.fr/static/images/picto-carton.png" alt="eco-responsable" width="142" height="126" />
</div>
</div>
</div>
</div><div class="t-zone" id="popupZone"></div><div class="t-zone" id="secondPopupZone"></div><div class="t-zone" id="closePopupZone"></div><a style="display:none;" id="showPopupLink" href="818.html#popupContent" class="fancylink"></a><div style="display:none"><div class="t-zone" id="forceAjax"></div></div><script type="text/javascript">
var gaJsHost = (("https:" == document.location.protocol) ? "https://ssl." : "http://www.");
document.write(unescape("%3Cscript src='" + gaJsHost + "google-analytics.com/ga.js' type='text/javascript'%3E%3C/script%3E"));
</script><script type="text/javascript">
var pageTracker = _gat._getTracker("UA-3062526-1");
pageTracker._initData();
pageTracker._trackPageview();
pageTracker._trackPageLoadTime();
</script><script type="text/javascript">Tapestry.onDOMLoaded(function() {
Tapestry.init({"popup":[[]],"zone":[{"update":"show","element":"headerListZone"},{"update":"show","element":"productDisplayTypeZone"},{"update":"show","element":"labelZone"},{"update":"show","element":"moreProductListZone"},{"update":"show","element":"productListZone"},{"update":"show","element":"slotInfoZone"},{"update":"show","element":"accountSummaryTabContentZone"},{"update":"show","element":"completeMiniBasketZone"},{"update":"show","element":"miniBasket"},{"update":"show","element":"popupZone"},{"update":"show","element":"secondPopupZone"},{"update":"show","element":"closePopupZone"},"forceAjax"],"linkZone":[["newsLetterPopup","forceAjax","/rayon.pagetemplate.header.headertop.newsletterpopup?t:ac=818"],["sortForm","productListZone","/rayon.productgridorlist.sortform"],["list","productListZone","/rayon.productgridorlist.list?t:ac=818"],["thumbnail","productListZone","/rayon.productgridorlist.thumbnail?t:ac=818"],["viewSubCat","labelZone","/rayon.productgridorlist.viewsubcat/1869?t:ac=818"],["viewSubCat_0","labelZone","/rayon.productgridorlist.viewsubcat/1868?t:ac=818"],["viewSubCat_1","labelZone","/rayon.productgridorlist.viewsubcat/1870?t:ac=818"],["viewSubCat_2","labelZone","/rayon.productgridorlist.viewsubcat/1873?t:ac=818"],["viewSubCat_3","labelZone","/rayon.productgridorlist.viewsubcat/1872?t:ac=818"],["filterPromos","productListZone","/rayon.productgridorlist.filterpromos?t:ac=818"],["filterAuchan","productListZone","/rayon.productgridorlist.filterauchan?t:ac=818"],["viewAllBrands","labelZone","/rayon.productgridorlist.viewallbrands?t:ac=818"],["addProductToBasket","forceAjax","/rayon.productgridorlist.productlist_1.thumbnailproduct_0.addproducttobasket/35103?t:ac=818"],["addProductToShoppingList","forceAjax","/rayon.productgridorlist.productlist_1.thumbnailproduct_0.addproducttoshoppinglist/35103?t:ac=818"],["addProductToBasket_0","forceAjax","/rayon.productgridorlist.productlist_1.thumbnailproduct_0.addproducttobasket/101013?t:ac=818"],["addProductToShoppingList_0","forceAjax","/rayon.productgridorlist.productlist_1.thumbnailproduct_0.addproducttoshoppinglist/101013?t:ac=818"],["addProductToBasket_1","forceAjax","/rayon.productgridorlist.productlist_1.thumbnailproduct_0.addproducttobasket/101014?t:ac=818"],["addProductToShoppingList_1","forceAjax","/rayon.productgridorlist.productlist_1.thumbnailproduct_0.addproducttoshoppinglist/101014?t:ac=818"],["addProductToBasket_2","forceAjax","/rayon.productgridorlist.productlist_1.thumbnailproduct_0.addproducttobasket/1753?t:ac=818"],["addProductToShoppingList_2","forceAjax","/rayon.productgridorlist.productlist_1.thumbnailproduct_0.addproducttoshoppinglist/1753?t:ac=818"],["addProductToBasket_3","forceAjax","/rayon.productgridorlist.productlist_1.thumbnailproduct_0.addproducttobasket/100939?t:ac=818"],["addProductToShoppingList_3","forceAjax","/rayon.productgridorlist.productlist_1.thumbnailproduct_0.addproducttoshoppinglist/100939?t:ac=818"],["addProductToBasket_4","forceAjax","/rayon.productgridorlist.productlist_1.thumbnailproduct_0.addproducttobasket/103537?t:ac=818"],["addProductToShoppingList_4","forceAjax","/rayon.productgridorlist.productlist_1.thumbnailproduct_0.addproducttoshoppinglist/103537?t:ac=818"],["addProductToBasket_5","forceAjax","/rayon.productgridorlist.productlist_1.thumbnailproduct_0.addproducttobasket/42232?t:ac=818"],["addProductToShoppingList_5","forceAjax","/rayon.productgridorlist.productlist_1.thumbnailproduct_0.addproducttoshoppinglist/42232?t:ac=818"],["addProductToBasket_6","forceAjax","/rayon.productgridorlist.productlist_1.thumbnailproduct_0.addproducttobasket/50024?t:ac=818"],["addProductToShoppingList_6","forceAjax","/rayon.productgridorlist.productlist_1.thumbnailproduct_0.addproducttoshoppinglist/50024?t:ac=818"],["addProductToBasket_7","forceAjax","/rayon.productgridorlist.productlist_1.thumbnailproduct_0.addproducttobasket/100450?t:ac=818"],["addProductToShoppingList_7","forceAjax","/rayon.productgridorlist.productlist_1.thumbnailproduct_0.addproducttoshoppinglist/100450?t:ac=818"],["addProductToBasket_8","forceAjax","/rayon.productgridorlist.productlist_1.thumbnailproduct_0.addproducttobasket/31385?t:ac=818"],["addProductToShoppingList_8","forceAjax","/rayon.productgridorlist.productlist_1.thumbnailproduct_0.addproducttoshoppinglist/31385?t:ac=818"],["addProductToBasket_9","forceAjax","/rayon.productgridorlist.productlist_1.thumbnailproduct_0.addproducttobasket/35143?t:ac=818"],["addProductToShoppingList_9","forceAjax","/rayon.productgridorlist.productlist_1.thumbnailproduct_0.addproducttoshoppinglist/35143?t:ac=818"],["addProductToBasket_10","forceAjax","/rayon.productgridorlist.productlist_1.thumbnailproduct_0.addproducttobasket/42401?t:ac=818"],["addProductToShoppingList_10","forceAjax","/rayon.productgridorlist.productlist_1.thumbnailproduct_0.addproducttoshoppinglist/42401?t:ac=818"],["addProductToBasket_11","forceAjax","/rayon.productgridorlist.productlist_1.thumbnailproduct_0.addproducttobasket/100789?t:ac=818"],["addProductToShoppingList_11","forceAjax","/rayon.productgridorlist.productlist_1.thumbnailproduct_0.addproducttoshoppinglist/100789?t:ac=818"],["addProductToBasket_12","forceAjax","/rayon.productgridorlist.productlist_1.thumbnailproduct_0.addproducttobasket/100905?t:ac=818"],["addProductToShoppingList_12","forceAjax","/rayon.productgridorlist.productlist_1.thumbnailproduct_0.addproducttoshoppinglist/100905?t:ac=818"],["addProductToBasket_13","forceAjax","/rayon.productgridorlist.productlist_1.thumbnailproduct_0.addproducttobasket/100790?t:ac=818"],["addProductToShoppingList_13","forceAjax","/rayon.productgridorlist.productlist_1.thumbnailproduct_0.addproducttoshoppinglist/100790?t:ac=818"],["addProductToBasket_14","forceAjax","/rayon.productgridorlist.productlist_1.thumbnailproduct_0.addproducttobasket/35201?t:ac=818"],["addProductToShoppingList_14","forceAjax","/rayon.productgridorlist.productlist_1.thumbnailproduct_0.addproducttoshoppinglist/35201?t:ac=818"],["addProductToBasket_15","forceAjax","/rayon.productgridorlist.productlist_1.thumbnailproduct_0.addproducttobasket/57993?t:ac=818"],["addProductToShoppingList_15","forceAjax","/rayon.productgridorlist.productlist_1.thumbnailproduct_0.addproducttoshoppinglist/57993?t:ac=818"],["addProductToBasket_16","forceAjax","/rayon.productgridorlist.productlist_1.thumbnailproduct_0.addproducttobasket/100778?t:ac=818"],["addProductToShoppingList_16","forceAjax","/rayon.productgridorlist.productlist_1.thumbnailproduct_0.addproducttoshoppinglist/100778?t:ac=818"],["addProductToBasket_17","forceAjax","/rayon.productgridorlist.productlist_1.thumbnailproduct_0.addproducttobasket/35195?t:ac=818"],["addProductToShoppingList_17","forceAjax","/rayon.productgridorlist.productlist_1.thumbnailproduct_0.addproducttoshoppinglist/35195?t:ac=818"],["addProductToBasket_18","forceAjax","/rayon.productgridorlist.productlist_1.thumbnailproduct_0.addproducttobasket/100294?t:ac=818"],["addProductToShoppingList_18","forceAjax","/rayon.productgridorlist.productlist_1.thumbnailproduct_0.addproducttoshoppinglist/100294?t:ac=818"],["addProductToBasket_19","forceAjax","/rayon.productgridorlist.productlist_1.thumbnailproduct_0.addproducttobasket/100686?t:ac=818"],["addProductToShoppingList_19","forceAjax","/rayon.productgridorlist.productlist_1.thumbnailproduct_0.addproducttoshoppinglist/100686?t:ac=818"],["addProductToBasket_20","forceAjax","/rayon.productgridorlist.productlist_1.thumbnailproduct_0.addproducttobasket/100687?t:ac=818"],["addProductToShoppingList_20","forceAjax","/rayon.productgridorlist.productlist_1.thumbnailproduct_0.addproducttoshoppinglist/100687?t:ac=818"],["addProductToBasket_21","forceAjax","/rayon.productgridorlist.productlist_1.thumbnailproduct_0.addproducttobasket/35509?t:ac=818"],["addProductToShoppingList_21","forceAjax","/rayon.productgridorlist.productlist_1.thumbnailproduct_0.addproducttoshoppinglist/35509?t:ac=818"],["addProductToBasket_22","forceAjax","/rayon.productgridorlist.productlist_1.thumbnailproduct_0.addproducttobasket/9593?t:ac=818"],["addProductToShoppingList_22","forceAjax","/rayon.productgridorlist.productlist_1.thumbnailproduct_0.addproducttoshoppinglist/9593?t:ac=818"],["addProductToBasket_23","forceAjax","/rayon.productgridorlist.productlist_1.thumbnailproduct_0.addproducttobasket/56874?t:ac=818"],["addProductToShoppingList_23","forceAjax","/rayon.productgridorlist.productlist_1.thumbnailproduct_0.addproducttoshoppinglist/56874?t:ac=818"],["addProductToShoppingList_24","forceAjax","/rayon.productgridorlist.productlist_1.thumbnailproduct_0.addproducttoshoppinglist/100685?t:ac=818"],["addProductToBasket_24","forceAjax","/rayon.productgridorlist.productlist_1.thumbnailproduct_0.addproducttobasket/35196?t:ac=818"],["addProductToShoppingList_25","forceAjax","/rayon.productgridorlist.productlist_1.thumbnailproduct_0.addproducttoshoppinglist/35196?t:ac=818"],["addProductToBasket_25","forceAjax","/rayon.productgridorlist.productlist_1.thumbnailproduct_0.addproducttobasket/56168?t:ac=818"],["addProductToShoppingList_26","forceAjax","/rayon.productgridorlist.productlist_1.thumbnailproduct_0.addproducttoshoppinglist/56168?t:ac=818"],["addProductToBasket_26","forceAjax","/rayon.productgridorlist.productlist_1.thumbnailproduct_0.addproducttobasket/40689?t:ac=818"],["addProductToShoppingList_27","forceAjax","/rayon.productgridorlist.productlist_1.thumbnailproduct_0.addproducttoshoppinglist/40689?t:ac=818"],["addProductToBasket_27","forceAjax","/rayon.productgridorlist.productlist_1.thumbnailproduct_0.addproducttobasket/40784?t:ac=818"],["addProductToShoppingList_28","forceAjax","/rayon.productgridorlist.productlist_1.thumbnailproduct_0.addproducttoshoppinglist/40784?t:ac=818"],["addProductToBasket_28","forceAjax","/rayon.productgridorlist.productlist_1.thumbnailproduct_0.addproducttobasket/40777?t:ac=818"],["addProductToShoppingList_29","forceAjax","/rayon.productgridorlist.productlist_1.thumbnailproduct_0.addproducttoshoppinglist/40777?t:ac=818"],["addProductToBasket_29","forceAjax","/rayon.productgridorlist.productlist_1.thumbnailproduct_0.addproducttobasket/57810?t:ac=818"],["addProductToShoppingList_30","forceAjax","/rayon.productgridorlist.productlist_1.thumbnailproduct_0.addproducttoshoppinglist/57810?t:ac=818"],["addProductToBasket_30","forceAjax","/rayon.productgridorlist.productlist_1.thumbnailproduct_0.addproducttobasket/1899?t:ac=818"],["addProductToShoppingList_31","forceAjax","/rayon.productgridorlist.productlist_1.thumbnailproduct_0.addproducttoshoppinglist/1899?t:ac=818"],["addProductToBasket_31","forceAjax","/rayon.productgridorlist.productlist_1.thumbnailproduct_0.addproducttobasket/1760?t:ac=818"],["addProductToShoppingList_32","forceAjax","/rayon.productgridorlist.productlist_1.thumbnailproduct_0.addproducttoshoppinglist/1760?t:ac=818"],["addProductToBasket_32","forceAjax","/rayon.productgridorlist.productlist_1.thumbnailproduct_0.addproducttobasket/1750?t:ac=818"],["addProductToShoppingList_33","forceAjax","/rayon.productgridorlist.productlist_1.thumbnailproduct_0.addproducttoshoppinglist/1750?t:ac=818"],["addProductToBasket_33","forceAjax","/rayon.productgridorlist.productlist_1.thumbnailproduct_0.addproducttobasket/1695?t:ac=818"],["addProductToShoppingList_34","forceAjax","/rayon.productgridorlist.productlist_1.thumbnailproduct_0.addproducttoshoppinglist/1695?t:ac=818"],["addProductToBasket_34","forceAjax","/rayon.productgridorlist.productlist_1.thumbnailproduct_0.addproducttobasket/31386?t:ac=818"],["addProductToShoppingList_35","forceAjax","/rayon.productgridorlist.productlist_1.thumbnailproduct_0.addproducttoshoppinglist/31386?t:ac=818"],["addProductToBasket_35","forceAjax","/rayon.productgridorlist.productlist_1.thumbnailproduct_0.addproducttobasket/28138?t:ac=818"],["addProductToShoppingList_36","forceAjax","/rayon.productgridorlist.productlist_1.thumbnailproduct_0.addproducttoshoppinglist/28138?t:ac=818"],["addProductToBasket_36","forceAjax","/rayon.productgridorlist.productlist_1.thumbnailproduct_0.addproducttobasket/35211?t:ac=818"],["addProductToShoppingList_37","forceAjax","/rayon.productgridorlist.productlist_1.thumbnailproduct_0.addproducttoshoppinglist/35211?t:ac=818"],["addProductToBasket_37","forceAjax","/rayon.productgridorlist.productlist_1.thumbnailproduct_0.addproducttobasket/104141?t:ac=818"],["addProductToShoppingList_38","forceAjax","/rayon.productgridorlist.productlist_1.thumbnailproduct_0.addproducttoshoppinglist/104141?t:ac=818"],["addProductToBasket_38","forceAjax","/rayon.productgridorlist.productlist_1.thumbnailproduct_0.addproducttobasket/9592?t:ac=818"],["addProductToShoppingList_39","forceAjax","/rayon.productgridorlist.productlist_1.thumbnailproduct_0.addproducttoshoppinglist/9592?t:ac=818"],["addProductToShoppingList_40","forceAjax","/rayon.productgridorlist.productlist_1.thumbnailproduct_0.addproducttoshoppinglist/2188?t:ac=818"],["addProductToBasket_39","forceAjax","/rayon.productgridorlist.productlist_1.thumbnailproduct_0.addproducttobasket/1240?t:ac=818"],["addProductToShoppingList_41","forceAjax","/rayon.productgridorlist.productlist_1.thumbnailproduct_0.addproducttoshoppinglist/1240?t:ac=818"],["addProductToBasket_40","forceAjax","/rayon.productgridorlist.productlist_1.thumbnailproduct_0.addproducttobasket/1241?t:ac=818"],["addProductToShoppingList_42","forceAjax","/rayon.productgridorlist.productlist_1.thumbnailproduct_0.addproducttoshoppinglist/1241?t:ac=818"],["addProductToBasket_41","forceAjax","/rayon.productgridorlist.productlist_1.thumbnailproduct_0.addproducttobasket/1264?t:ac=818"],["addProductToShoppingList_43","forceAjax","/rayon.productgridorlist.productlist_1.thumbnailproduct_0.addproducttoshoppinglist/1264?t:ac=818"],["addProductToBasket_42","forceAjax","/rayon.productgridorlist.productlist_1.thumbnailproduct_0.addproducttobasket/1261?t:ac=818"],["addProductToShoppingList_44","forceAjax","/rayon.productgridorlist.productlist_1.thumbnailproduct_0.addproducttoshoppinglist/1261?t:ac=818"],["addProductToBasket_43","forceAjax","/rayon.productgridorlist.productlist_1.thumbnailproduct_0.addproducttobasket/40786?t:ac=818"],["addProductToShoppingList_45","forceAjax","/rayon.productgridorlist.productlist_1.thumbnailproduct_0.addproducttoshoppinglist/40786?t:ac=818"],["addProductToBasket_44","forceAjax","/rayon.productgridorlist.productlist_1.thumbnailproduct_0.addproducttobasket/54165?t:ac=818"],["addProductToShoppingList_46","forceAjax","/rayon.productgridorlist.productlist_1.thumbnailproduct_0.addproducttoshoppinglist/54165?t:ac=818"],["addProductToBasket_45","forceAjax","/rayon.productgridorlist.productlist_1.thumbnailproduct_0.addproducttobasket/1900?t:ac=818"],["addProductToShoppingList_47","forceAjax","/rayon.productgridorlist.productlist_1.thumbnailproduct_0.addproducttoshoppinglist/1900?t:ac=818"],["addProductToBasket_46","forceAjax","/rayon.productgridorlist.productlist_1.thumbnailproduct_0.addproducttobasket/1749?t:ac=818"],["addProductToShoppingList_48","forceAjax","/rayon.productgridorlist.productlist_1.thumbnailproduct_0.addproducttoshoppinglist/1749?t:ac=818"],["addProductToBasket_47","forceAjax","/rayon.productgridorlist.productlist_1.thumbnailproduct_0.addproducttobasket/56930?t:ac=818"],["addProductToShoppingList_49","forceAjax","/rayon.productgridorlist.productlist_1.thumbnailproduct_0.addproducttoshoppinglist/56930?t:ac=818"],["suggestionPopup","forceAjax","/rayon.suggestionpopup?t:ac=818"],["eventlink","forceAjax","/rayon.customerinfos:showsigninpopup?t:ac=818"],["registerPopup","forceAjax","/rayon.customerinfos.registerpopup?t:ac=818"],["popupAuth","forceAjax","/rayon.customerinfos.popupauth?t:ac=818"],["showSlotTab","forceAjax","/rayon.customerinfos.slotinfo.showslottab?t:ac=818"],["basket","forceAjax","/rayon.customerinfos.basket?t:ac=818"],["lists","forceAjax","/rayon.customerinfos.lists?t:ac=818"],["topBasket","forceAjax","/rayon.customerinfos.topbasket?t:ac=818"],["validateBasket","forceAjax","/rayon.customerinfos.minibasket.validatebasket?t:ac=818"]]});
});
</script></body></html>