<!DOCTYPE html PUBLIC "-//W3C//DTD XHTML 1.0 Strict//EN" "http://www.w3.org/TR/xhtml1/DTD/xhtml1-strict.dtd"><html xmlns="http://www.w3.org/1999/xhtml"><head><meta content="text/html; charset=utf-8" http-equiv="content-type"></meta><title>Vente Corps en ligne - Auchandirect.fr</title><!-- correction d'un bug de compatibilité tapestry/IE9 --><meta content="IE=EmulateIE8" http-equiv="X-UA-Compatible"></meta><meta content="Faites vos courses en ligne sur Auchandirect.fr! Corps en livraison 24h dans les régions de Paris, Lyon, Marseille, Toulouse et Lille." name="description"></meta><meta content="index, follow" name="robots"></meta><meta content="0" http-equiv="expires"></meta><meta content="no-cache" http-equiv="pragma"></meta><meta content="no-store, no-cache, must-revalidate" http-equiv="cache-control"></meta><link type="text/css" rel="stylesheet" href="http://www.refonte.auchandirect.fr/assets/tapestry/5.1.0.5/default.css"></link><link type="text/css" rel="stylesheet" href="http://www.refonte.auchandirect.fr/assets/ctx/cb0cdd30e165aaa4/static/css/auchan_surcharge.css"></link><link type="text/css" rel="stylesheet" href="http://www.refonte.auchandirect.fr/assets/ctx/cb0cdd30e165aaa4/static/css/styles.css"></link><link type="text/css" rel="stylesheet" href="http://www.refonte.auchandirect.fr/assets/ctx/cb0cdd30e165aaa4/static/css/common.css"></link><link media="screen" href="http://www.refonte.auchandirect.fr/static/fancybox/jquery.fancybox-1.3.4.css" type="text/css" rel="stylesheet"></link><!--[if lte IE 7]><style type="text/css">div#engagements .item .item-picto, div#engagements
.item .item-texte, div#engagements-long .item .item-picto,
div#engagements-long .item .item-texte { display: inline; zoom:1; }</style><link media="all" type="text/css" href="/static/css/ie7.css" rel="stylesheet"></link><![endif]--><!--[if lte IE 8]><link media="all" type="text/css" href="/static/css/ie8.css" rel="stylesheet"></link><![endif]--><!--[if lte IE 9]><style type="text/css">
.liste-produits-menu a.active , .liste-produits-menu a:hover{
filter: none;}
</style><![endif]--><!--[if IE]><link media="all" type="text/css" href="/static/css/ie.css" rel="stylesheet"></link><![endif]--><script src="http://www.refonte.auchandirect.fr/assets/scriptaculous/5.1.0.5/prototype.js" type="text/javascript"></script><script src="http://www.refonte.auchandirect.fr/assets/scriptaculous/5.1.0.5/scriptaculous.js" type="text/javascript"></script><script src="http://www.refonte.auchandirect.fr/assets/scriptaculous/5.1.0.5/effects.js" type="text/javascript"></script><script src="http://www.refonte.auchandirect.fr/assets/tapestry/5.1.0.5/tapestry.js" type="text/javascript"></script><script src="http://www.refonte.auchandirect.fr/assets/tapestry/5.1.0.5/tapestry-messages.js" type="text/javascript"></script><script src="http://www.refonte.auchandirect.fr/assets/ctx/cb0cdd30e165aaa4/static/scripts/tapestry-patch.js" type="text/javascript"></script><script src="http://www.refonte.auchandirect.fr/assets/ctx/cb0cdd30e165aaa4/static/scripts/jquery.min.js" type="text/javascript"></script><script src="http://www.refonte.auchandirect.fr/assets/ctx/cb0cdd30e165aaa4/static/scripts/jquery.tools.min.js" type="text/javascript"></script><script src="http://www.refonte.auchandirect.fr/assets/ctx/cb0cdd30e165aaa4/static/fancybox/jquery.fancybox-1.3.4.js" type="text/javascript"></script><script src="http://www.refonte.auchandirect.fr/assets/ctx/cb0cdd30e165aaa4/static/scripts/cacom-custom-lib.js" type="text/javascript"></script><script src="http://www.refonte.auchandirect.fr/assets/ctx/cb0cdd30e165aaa4/static/fancybox/jquery.mousewheel-3.0.4.pack.js" type="text/javascript"></script><script src="http://www.refonte.auchandirect.fr/assets/ctx/cb0cdd30e165aaa4/static/scripts/common.js" type="text/javascript"></script><script src="http://www.refonte.auchandirect.fr/assets/ctx/cb0cdd30e165aaa4/static/scripts/ZoneUpdater.js" type="text/javascript"></script><script src="http://www.refonte.auchandirect.fr/assets/ctx/cb0cdd30e165aaa4/static/scripts/jquery.carouFredSel-5.5.0-packed.js" type="text/javascript"></script><script type="text/javascript" language="javascript">
var j = jQuery.noConflict();
j(function() {
j("#foo2").carouFredSel({
circular: true,
infinite: false,
auto : true,
scroll : {
items : "page"
},
prev : {
button : "#foo2_prev",
key : "left"
},
next : {
button : "#foo2_next",
key : "right"
},
pagination : "#foo2_pag"
});
if($(".caroufredsel_wrapper")!=null)
$(".caroufredsel_wrapper").css({
'height': '246px'
});
if($(".page_famille_carrousel")!=null)
$(".page_famille_carrousel").css({
'overflow': 'hidden'
});
});
</script></head><body style=""><div class="fiche-produit" id="page"><div id="tetiere"><div id="logo"><!-- HEADER_LOGO --><div id="logo">
<a href="../../../index.html" title="accueil"><img src="http://www.refonte.auchandirect.fr/static/images/logo-auchan.jpg" alt="Accueil" /></a>
</div>
</div><div id="pub"><?xml version="1.0" encoding="UTF-8"?><a  href="../../../commander/identification.signin.forgetpwdpopup.html"  title="Inscrivez-vous et bénéficiez de la 1ere livraison offerte avec le code BIENVENUE dès 120€ d'achats"><img src="http://www.refonte.auchandirect.fr/img/display/000/000/530/5301.jpg" /></a>
</div><!-- HEADER_HAUT_DROIT --><!-- <t:outputraw value="headerHauteDroit" /> --><div id="newsletter"><h3>Newsletter</h3><a id="newsLetterPopup" onclick="javascript:Tapestry.waitForPage(event);" href="http://www.refonte.auchandirect.fr/rayon.pagetemplate.header.headertop.newsletterpopup?t:ac=492">Inscrivez-vous vite !</a></div></div><div id="menu-top"><div id="menu-promos"><ul class="menu menu-horizontal"><li><a title="promos" class="menu-top-promos" href="../../../rayon.customerinfos.minibasket.validatebasket%3Ft:ac=promos.html">Promotions</a></li><li><a title="nouveautes" class="menu-top-nouveautes" href="../../../nouveaut%25C3%25A9s/id0/nouveautes.html">Nouveautés</a></li></ul></div><div id="bloc-recherche"><form onsubmit="javascript:Tapestry.waitForPage(event);" action="http://www.refonte.auchandirect.fr/rayon.pagetemplate.header.headermenutop.searchform" method="post" id="searchForm" name="searchForm"><div class="t-invisible"><input value="492" name="t:ac" type="hidden"></input><input value="H4sIAAAAAAAAAJ2QoU4DQRBAp03A1JHwB2C3CGrAUAGqIaQXPmBub7jbZndn2Z2D1mD4DwyW8BMVOP6hhmCQoBBce3UkJEVNMsnMe3lPH7B1ewBqjDP2RwFLEnLBopCqCAuK6+HI18JBJcKoqxRhwLFUGFBXpAQDJYmzgdIcyZpc5ZhIDfNmiVrODNliLyOpw/7lvLfYffnuQmcEPc1eIttzdCSwM5rgDfYt+rKfSTS+PJ4Gge2W+C/H4aaOF5E1pZTVuTMpGfbz5+Lw6uvhtQswDRs5LF9I43Dyp4NmF9iTl6RWUPmt8LYYf96fPr63ychSg5Blsmu4g06baHX6A/6kTBjLAQAA" name="t:formdata" type="hidden"></input></div><div><input title="recherche" class="texte-recherche" value="Rechercher" id="search" name="search" type="text"></input><img id="search-icon" class="t-error-icon t-invisible" alt="" src="http://www.refonte.auchandirect.fr/assets/tapestry/5.1.0.5/spacer.gif"/><input value="OK" class="recherche-submit" name="submit" type="submit"></input></div></form></div></div><div id="menu" class="float-container"><ul id="menu-principal" class="menu menu-horizontal"><li><a class="first" title="RR1002" href="492.html#">Marché</a><div class="hovered_big_menu" id="4042"><div class="menu-panel"><div class="menu-listes-container float-container"><div class="menu-listes"><ul class="menu menu-horizontal menu_left"><li><h3><a title="RR2007" rel="page-461" href="../../../sousfamille.customerinfos.minibasket.validatebasket%3Ft:ac=404%252F461.html">Fruits</a></h3><ul class="menu"><li><a href="../../../march%25C3%25A9/fruits/fruits-de-saison/id0/592.html">Fruits de saison </a></li><li><a href="../../../march%25C3%25A9/fruits/agrumes/id0/444663.html">Agrumes</a></li><li><a href="../../../march%25C3%25A9/fruits/bananes,-fruits-exotiques/id0/589.html">Bananes, Fruits exotiques</a></li><li><a href="../../../march%25C3%25A9/fruits/pommes,-poires/id0/593.html">Pommes, Poires</a></li><li><a href="../../../march%25C3%25A9/fruits/fruits-rouges/id0/590.html">Fruits rouges</a></li><li><a href="../../../march%25C3%25A9/fruits/fruits-%25C3%25A0-noyau,-raisins/id0/596.html">Fruits à Noyau, Raisins</a></li><li><a href="../../../march%25C3%25A9/fruits/fruits-secs-et-pr%25C3%25AAts-%25C3%25A0-l'emploi/id0/595.html">Fruits Secs et Prêts à l'Emploi</a></li><li><a href="../../../march%25C3%25A9/fruits/jus-de-fruits-frais/id0/100371.html">Jus de Fruits frais</a></li></ul></li><li><h3><a title="RR2006" rel="page-463" href="../../../id3/404/463.html">Légumes</a></h3><ul class="menu"><li><a href="../../../march%25C3%25A9/l%25C3%25A9gumes/l%25C3%25A9gumes-de-saison/id0/431975.html">Légumes de saison</a></li><li><a href="../../../march%25C3%25A9/l%25C3%25A9gumes/salades,-endives,-herbes-aromatiques/id0/585.html">Salades, Endives, Herbes aromatiques</a></li><li><a href="../../../march%25C3%25A9/l%25C3%25A9gumes/tomates/id0/82017.html">Tomates</a></li><li><a href="../../../march%25C3%25A9/l%25C3%25A9gumes/aubergines,-courgettes,-poivrons/id0/583.html">Aubergines, Courgettes, Poivrons</a></li><li><a href="../../../march%25C3%25A9/l%25C3%25A9gumes/avocats,-concombres,-radis,-celeris/id0/581.html">Avocats, Concombres, Radis, Celeris</a></li><li><a href="../../../march%25C3%25A9/l%25C3%25A9gumes/carottes,-poireaux,-navets,-potirons,-choux/id0/580.html">Carottes, Poireaux, Navets, Potirons, Choux</a></li><li><a href="../../../march%25C3%25A9/l%25C3%25A9gumes/l%25C3%25A9gumes-verts,-asperges,-champignons/id0/579.html">Légumes verts, Asperges, Champignons</a></li><li><a href="../../../march%25C3%25A9/l%25C3%25A9gumes/pommes-de-terre/id0/584.html">Pommes de Terre</a></li><li><a href="../../../march%25C3%25A9/l%25C3%25A9gumes/ails,-oignons,-echalotes/id0/587.html">Ails, Oignons, Echalotes</a></li><li><a href="../../../march%25C3%25A9/l%25C3%25A9gumes/soupes-fra%25C3%25AEches,-pr%25C3%25AAts-%25C3%25A0-l'emploi,-l%25C3%25A9gumes-secs/id0/588.html">Soupes Fraîches, Prêts à l'emploi, Légumes secs</a></li></ul></li><li><h3><a title="RR2009" rel="page-460" href="../../../id3/404/460.html">Boucherie - Volaille</a></h3><ul class="menu"><li><a href="../../../march%25C3%25A9/boucherie---volaille/les-pi%25C3%25A8ces-du-boucher/id0/431977.html">Les pièces du Boucher</a></li><li><a href="../../../march%25C3%25A9/boucherie---volaille/b%25C5%2593uf/id0/601.html">Bœuf</a></li><li><a href="../../../march%25C3%25A9/boucherie---volaille/porc,-veau,-agneau/id0/600.html">Porc, Veau, Agneau</a></li><li><a href="../../../march%25C3%25A9/boucherie---volaille/poulet,-dinde,-autres-volailles/id0/603.html">Poulet, Dinde, Autres Volailles</a></li><li><a href="../../../march%25C3%25A9/boucherie---volaille/saucisse,-viandes-cuisin%25C3%25A9es,-snack,-sauce/id0/602.html">Saucisse, Viandes Cuisinées, Snack, Sauce</a></li></ul></li><li><h3><a title="RR2008" rel="page-462" href="../../../id3/404/462.html">Produits de la mer</a></h3><ul class="menu"><li><a href="../../../march%25C3%25A9/produits-de-la-mer/poissons-frais,-fruits-de-mer,-poissons-pan%25C3%25A9s/id0/597.html">Poissons frais, Fruits de Mer, Poissons Panés</a></li><li><a href="../../../march%25C3%25A9/produits-de-la-mer/poissons-fum%25C3%25A9s/id0/82012.html">Poissons Fumés</a></li><li><a href="../../../march%25C3%25A9/produits-de-la-mer/produits-ap%25C3%25A9ritifs/id0/100366.html">Produits Apéritifs</a></li><li><a href="../../../march%25C3%25A9/produits-de-la-mer/surimis/id0/100363.html">Surimis</a></li></ul></li><li><h3><a title="RR3360" rel="page-100376" href="../../../id3/404/100376.html">Pains - Viennoiseries</a></h3><ul class="menu"><li><a href="../../../march%25C3%25A9/pains---viennoiseries/pains,-pains-de-mie/id0/100377.html">Pains, Pains de mie</a></li><li><a href="../../../march%25C3%25A9/pains---viennoiseries/pains-%25C3%25A0-garnir/id0/431981.html">Pains à garnir</a></li><li><a href="../../../march%25C3%25A9/pains---viennoiseries/brioches-et-viennoiseries/id0/100381.html">Brioches et Viennoiseries</a></li></ul></li></ul><?xml version="1.0" encoding="UTF-8"?><a href="http://www.refonte.auchandirect.fr/rayon/511862"><img src="http://www.refonte.auchandirect.fr/static/vitamines.jpg" alt="Faites le plein de vitamines !" title="Faites le plein de vitamines !" width="150" height="275" /></a>    
<div class="clear"></div></div><div class="clear"></div></div></div></div></li><li><a title="RR1003" href="492.html#">Produits laitiers<br/>Œufs</a><div class="hovered_big_menu" id="4082"><div class="menu-panel"><div class="menu-listes-container float-container"><div class="menu-listes"><ul class="menu menu-horizontal menu_left"><li><h3><a title="RR2010" rel="page-459" href="../../../id3/408/459.html">Crémerie, Oeufs</a></h3><ul class="menu"><li><a href="../../../produits-laitiers,-%25C5%2593ufs/cr%25C3%25A9merie,-oeufs/laits/id0/605.html">Laits</a></li><li><a href="../../../produits-laitiers,-%25C5%2593ufs/cr%25C3%25A9merie,-oeufs/cr%25C3%25A8mes-fra%25C3%25AEches,-sauces/id0/608.html">Crèmes Fraîches, Sauces </a></li><li><a href="../../../produits-laitiers,-%25C5%2593ufs/cr%25C3%25A9merie,-oeufs/beurres/id0/604.html">Beurres</a></li><li><a href="../../../produits-laitiers,-%25C5%2593ufs/cr%25C3%25A9merie,-oeufs/margarines/id0/607.html">Margarines</a></li><li><a href="../../../produits-laitiers,-%25C5%2593ufs/cr%25C3%25A9merie,-oeufs/oeufs/id0/606.html">Oeufs</a></li></ul></li><li><h3><a title="RR2011" rel="page-466" href="../../../id3/408/466.html">Fromages</a></h3><ul class="menu"><li><a href="../../../produits-laitiers,-%25C5%2593ufs/fromages/emmental,-comt%25C3%25A9,-rap%25C3%25A9,-parmesan/id0/431987.html">Emmental, Comté, Rapé et Parmesan</a></li><li><a href="../../../produits-laitiers,-%25C5%2593ufs/fromages/ch%25C3%25A8vres,-brebis,-bleus,-roqueforts/id0/610.html">Chèvres,  Brebis, Bleus, Roqueforts</a></li><li><a href="../../../produits-laitiers,-%25C5%2593ufs/fromages/camemberts,-coulommiers,-bries/id0/611.html">Camemberts,  Coulommiers,  Bries</a></li><li><a href="../../../produits-laitiers,-%25C5%2593ufs/fromages/sp%25C3%25A9cialit%25C3%25A9s,-aop/id0/612.html">Spécialités,  AOP</a></li><li><a href="../../../produits-laitiers,-%25C5%2593ufs/fromages/fromages-all%25C3%25A9g%25C3%25A9s/id0/618.html">Fromages Allégés</a></li><li><a href="../../../produits-laitiers,-%25C5%2593ufs/fromages/a-cuisiner,-a-tartiner,-a-fondre/id0/614.html">A cuisiner, A tartiner, A fondre</a></li><li><a href="../../../produits-laitiers,-%25C5%2593ufs/fromages/ap%25C3%25A9ritifs,-salades,-mozzarellas/id0/615.html">Apéritifs,  Salades,  Mozzarellas</a></li><li><a href="../../../produits-laitiers,-%25C5%2593ufs/fromages/enfants/id0/617.html">Enfants</a></li></ul></li><li><h3><a title="RR2012" rel="page-464" href="../../../id3/408/464.html">Yaourts, Desserts</a></h3><ul class="menu"><li><a href="../../../produits-laitiers,-%25C5%2593ufs/yaourts,-desserts/yaourts-natures,-fromages-blancs/id0/619.html">Yaourts natures, Fromages blancs</a></li><li><a href="../../../produits-laitiers,-%25C5%2593ufs/yaourts,-desserts/yaourts-aux-fruits,-aromatis%25C3%25A9s/id0/620.html">Yaourts aux fruits,  Aromatisés</a></li><li><a href="../../../produits-laitiers,-%25C5%2593ufs/yaourts,-desserts/yaourts-enfants,-a-boire/id0/621.html">Yaourts enfants, A boire</a></li><li><a href="../../../produits-laitiers,-%25C5%2593ufs/yaourts,-desserts/desserts-gourmands/id0/622.html">Desserts gourmands</a></li><li><a href="../../../produits-laitiers,-%25C5%2593ufs/yaourts,-desserts/all%25C3%25A9g%25C3%25A9s,-bien-%25C3%25AAtre/id0/623.html">Allégés,  Bien Être</a></li><li><a href="../../../produits-laitiers,-%25C5%2593ufs/yaourts,-desserts/compotes/id0/431969.html">Compotes</a></li></ul></li></ul><?xml version="1.0" encoding="UTF-8"?><a href="http://www.refonte.auchandirect.fr/rayon/593464"><img src="http://www.refonte.auchandirect.fr/static/S0213laitierV2.png" alt="La promo de la semaine au rayon laitier" title="La promo de la semaine au rayon laitier" /></a>    
<div class="clear"></div></div><div class="clear"></div></div></div></div></li><li><a title="RR1004" href="492.html#">Charcuterie<br/>Traiteur</a><div class="hovered_big_menu" id="4072"><div class="menu-panel"><div class="menu-listes-container float-container"><div class="menu-listes"><ul class="menu menu-horizontal menu_left"><li><h3><a title="RR2013" rel="page-468" href="../../../id3/407/468.html">Charcuterie</a></h3><ul class="menu"><li><a href="../../../charcuterie-traiteur/charcuterie/jambons/id0/624.html">Jambons</a></li><li><a href="../../../charcuterie-traiteur/charcuterie/lardons,-bacon,-aides-culinaires/id0/626.html">Lardons, Bacon, Aides culinaires</a></li><li><a href="../../../charcuterie-traiteur/charcuterie/saucisses,-boudins/id0/629.html">Saucisses, Boudins</a></li><li><a href="../../../charcuterie-traiteur/charcuterie/saucissons,-p%25C3%25A2t%25C3%25A9s,-rillettes/id0/625.html">Saucissons, Pâtés, Rillettes</a></li></ul></li><li><h3><a title="RR2014" rel="page-465" href="../../../id3/407/465.html">Traiteur</a></h3><ul class="menu"><li><a href="../../../charcuterie-traiteur/traiteur/entr%25C3%25A9es,-ap%25C3%25A9ritifs/id0/630.html">Entrées, Apéritifs</a></li><li><a href="../../../charcuterie-traiteur/traiteur/salades-compos%25C3%25A9es,-crudit%25C3%25A9s,-soupes/id0/627.html">Salades Composées, Crudités, Soupes</a></li><li><a href="../../../charcuterie-traiteur/traiteur/burgers,-croques/id0/632.html">Burgers, Croques</a></li><li><a href="../../../charcuterie-traiteur/traiteur/cordons-bleus,-nuggets,-grignottes/id0/636.html">Cordons Bleus, Nuggets, Grignottes</a></li><li><a href="../../../charcuterie-traiteur/traiteur/pizzas,-tartes,-quiches/id0/631.html">Pizzas, Tartes, Quiches</a></li><li><a href="../../../charcuterie-traiteur/traiteur/p%25C3%25A2tes-fra%25C3%25AEches,-quenelles/id0/634.html">Pâtes Fraîches, Quenelles</a></li><li><a href="../../../charcuterie-traiteur/traiteur/plats-cuisin%25C3%25A9s/id0/628.html">Plats cuisinés</a></li><li><a href="../../../charcuterie-traiteur/traiteur/p%25C3%25A2tes-%25C3%25A0-tarte-et-%25C3%25A0-g%25C3%25A2teaux/id0/633.html">Pâtes à Tarte et à Gâteaux</a></li><li><a href="../../../charcuterie-traiteur/traiteur/destockage-foie-gras-et-toasts/id0/565014.html">Destockage Foie Gras et Toasts</a></li></ul></li><li><h3><a title="RR2016" rel="page-467" href="../../../id3/407/467.html">Traiteur de la Mer</a></h3><ul class="menu"><li><a href="../../../charcuterie-traiteur/traiteur-de-la-mer/poissons-fum%25C3%25A9s/id0/639.html">Poissons Fumés</a></li><li><a href="../../../charcuterie-traiteur/traiteur-de-la-mer/surimis,-poissons-pan%25C3%25A9s/id0/637.html">Surimis, Poissons panés</a></li><li><a href="../../../charcuterie-traiteur/traiteur-de-la-mer/produits-ap%25C3%25A9ritifs/id0/640.html">Produits Apéritifs</a></li></ul></li></ul><?xml version="1.0" encoding="UTF-8"?><a href="http://www.refonte.auchandirect.fr/rayon/511863"><img src="http://www.refonte.auchandirect.fr/static/jambons.jpg" alt="Le jambon...c'est meilleur en promo !" title="Le jambon...c'est meilleur en promo !" width="150" height="275" /></a>     
<div class="clear"></div></div><div class="clear"></div></div></div></div></li><li><a title="RR1005" href="492.html#">Surgelés</a><div class="hovered_big_menu" id="4062"><div class="menu-panel"><div class="menu-listes-container float-container"><div class="menu-listes"><ul class="menu menu-horizontal menu_left"><li><h3><a title="RR2017" rel="page-472" href="../../../id3/406/472.html">Apéritifs, Entrées, Snacks</a></h3><ul class="menu"><li><a href="../../../surgel%25C3%25A9s/ap%25C3%25A9ritifs,-entr%25C3%25A9es,-snacks/ap%25C3%25A9ritifs,-petits-fours/id0/431976.html">Apéritifs, Petits fours</a></li><li><a href="../../../surgel%25C3%25A9s/ap%25C3%25A9ritifs,-entr%25C3%25A9es,-snacks/cr%25C3%25AApes,-feuillet%25C3%25A9s/id0/431978.html">Crêpes, Feuilletés</a></li><li><a href="../../../surgel%25C3%25A9s/ap%25C3%25A9ritifs,-entr%25C3%25A9es,-snacks/bun's,-burgers/id0/431979.html">Bun's, Burgers</a></li><li><a href="../../../surgel%25C3%25A9s/ap%25C3%25A9ritifs,-entr%25C3%25A9es,-snacks/coquilles,-escargots/id0/431980.html">Coquilles, Escargots</a></li></ul></li><li><h3><a title="Pizzas, Tartes, Plats cuisinés" rel="page-431964" href="../../../id3/406/431964.html">Pizzas, Tartes, Plats cuisinés</a></h3><ul class="menu"><li><a href="../../../surgel%25C3%25A9s/pizzas,-tartes,-plats-cuisin%25C3%25A9s/pizzas/id0/648.html">Pizzas</a></li><li><a href="../../../surgel%25C3%25A9s/pizzas,-tartes,-plats-cuisin%25C3%25A9s/tartes,-quiches/id0/431973.html">Tartes, Quiches</a></li><li><a href="../../../surgel%25C3%25A9s/pizzas,-tartes,-plats-cuisin%25C3%25A9s/plats-cuisin%25C3%25A9s/id0/646.html">Plats Cuisinés</a></li></ul></li><li><h3><a title="RR2019" rel="page-470" href="../../../id3/406/470.html">Viandes, Produits de la Mer</a></h3><ul class="menu"><li><a href="../../../surgel%25C3%25A9s/viandes,-produits-de-la-mer/viandes/id0/652.html">Viandes</a></li><li><a href="../../../surgel%25C3%25A9s/viandes,-produits-de-la-mer/produits-de-la-mer/id0/654.html">Produits de la Mer</a></li></ul></li><li><h3><a title="RR2018" rel="page-469" href="../../../id3/406/469.html">Légumes, Pommes de Terre, Herbes</a></h3><ul class="menu"><li><a href="../../../surgel%25C3%25A9s/l%25C3%25A9gumes,-pommes-de-terre,-herbes/frites,-pommes-de-terre/id0/647.html">Frites, Pommes de Terre</a></li><li><a href="../../../surgel%25C3%25A9s/l%25C3%25A9gumes,-pommes-de-terre,-herbes/l%25C3%25A9gumes/id0/650.html">Légumes</a></li><li><a href="../../../surgel%25C3%25A9s/l%25C3%25A9gumes,-pommes-de-terre,-herbes/herbes-aromatiques-et-sauces/id0/651.html">Herbes Aromatiques et sauces</a></li></ul></li><li><h3><a title="RR2020" rel="page-471" href="../../../id3/406/471.html">Glaces, Patisseries, Viennoiseries</a></h3><ul class="menu"><li><a href="../../../surgel%25C3%25A9s/glaces,-patisseries,-viennoiseries/glaces-individuelles/id0/657.html">Glaces Individuelles</a></li><li><a href="../../../surgel%25C3%25A9s/glaces,-patisseries,-viennoiseries/glaces-%25C3%25A0-partager/id0/653.html">Glaces à Partager</a></li><li><a href="../../../surgel%25C3%25A9s/glaces,-patisseries,-viennoiseries/p%25C3%25A2tisseries,-viennoiseries/id0/656.html">Pâtisseries, Viennoiseries</a></li><li><a href="../../../surgel%25C3%25A9s/glaces,-patisseries,-viennoiseries/accompagnements,-fruits/id0/655.html">Accompagnements, Fruits</a></li><li><a href="../../../surgel%25C3%25A9s/glaces,-patisseries,-viennoiseries/b%25C3%25BBches-de-f%25C3%25AAtes/id0/451162.html">Bûches de Fêtes</a></li></ul></li></ul><?xml version="1.0" encoding="UTF-8"?><a href="http://www.refonte.auchandirect.fr/rayon/511868"><img src="http://www.refonte.auchandirect.fr/static/S0213_surgeles.jpg" alt="La promo de la semaine au rayon surgel&eacute;s " title="La promo de la semaine au rayon surgel&eacute;s " width="150" height="275" /></a>    
<div class="clear"></div></div><div class="clear"></div></div></div></div></li><li><a title="RR1006" href="492.html#">Epicerie<br/>Salée</a><div class="hovered_big_menu" id="4132"><div class="menu-panel"><div class="menu-listes-container float-container"><div class="menu-listes"><ul class="menu menu-horizontal menu_left"><li><h3><a title="RR2025" rel="page-479" href="../../../id3/413/479.html">Conserves, Plats Cuisinés</a></h3><ul class="menu"><li><a href="../../../epicerie-sal%25C3%25A9e/conserves,-plats-cuisin%25C3%25A9s/conserves-de-l%25C3%25A9gumes/id0/674.html">Conserves de Légumes</a></li><li><a href="../../../epicerie-sal%25C3%25A9e/conserves,-plats-cuisin%25C3%25A9s/conserves-de-poissons/id0/676.html">Conserves de Poissons</a></li><li><a href="../../../epicerie-sal%25C3%25A9e/conserves,-plats-cuisin%25C3%25A9s/plats-cuisin%25C3%25A9s/id0/677.html">Plats Cuisinés</a></li><li><a href="../../../epicerie-sal%25C3%25A9e/conserves,-plats-cuisin%25C3%25A9s/terrines,-pat%25C3%25A9s/id0/679.html">Terrines, Patés</a></li></ul></li><li><h3><a title="RR2023" rel="page-480" href="../../../id3/413/480.html">Pâtes, Riz, Purées</a></h3><ul class="menu"><li><a href="../../../epicerie-sal%25C3%25A9e/p%25C3%25A2tes,-riz,-pur%25C3%25A9es/p%25C3%25A2tes/id0/681.html">Pâtes</a></li><li><a href="../../../epicerie-sal%25C3%25A9e/p%25C3%25A2tes,-riz,-pur%25C3%25A9es/riz/id0/680.html">Riz</a></li><li><a href="../../../epicerie-sal%25C3%25A9e/p%25C3%25A2tes,-riz,-pur%25C3%25A9es/sauces-pour-p%25C3%25A2tes-et-riz/id0/431966.html">Sauces pour Pâtes et Riz</a></li><li><a href="../../../epicerie-sal%25C3%25A9e/p%25C3%25A2tes,-riz,-pur%25C3%25A9es/bl%25C3%25A9s,-semoules,-l%25C3%25A9gumes-secs/id0/678.html">Blés, Semoules, Légumes secs</a></li><li><a href="../../../epicerie-sal%25C3%25A9e/p%25C3%25A2tes,-riz,-pur%25C3%25A9es/pur%25C3%25A9es/id0/682.html">Purées</a></li></ul></li><li><h3><a title="RR2022" rel="page-481" href="../../../id3/413/481.html">Potages et Soupes</a></h3><ul class="menu"><li><a href="../../../epicerie-sal%25C3%25A9e/potages-et-soupes/format-familial/id0/683.html">Format Familial</a></li><li><a href="../../../epicerie-sal%25C3%25A9e/potages-et-soupes/format-individuel/id0/686.html">Format individuel</a></li><li><a href="../../../epicerie-sal%25C3%25A9e/potages-et-soupes/de%25CC%2581shydrate%25CC%2581es,-instantane%25CC%2581es,-croutons/id0/685.html">Déshydratées, Instantanées, Croutons</a></li></ul></li><li><h3><a title="RR2024" rel="page-482" href="../../../id3/413/482.html">Sauces, Condiments</a></h3><ul class="menu"><li><a href="../../../epicerie-sal%25C3%25A9e/sauces,-condiments/huiles/id0/692.html">Huiles</a></li><li><a href="../../../epicerie-sal%25C3%25A9e/sauces,-condiments/vinaigres,-vinaigrettes/id0/694.html">Vinaigres, Vinaigrettes</a></li><li><a href="../../../epicerie-sal%25C3%25A9e/sauces,-condiments/sauces-chaudes/id0/689.html">Sauces Chaudes</a></li><li><a href="../../../epicerie-sal%25C3%25A9e/sauces,-condiments/moutarde,-mayonnaise,-ketchup/id0/691.html">Moutarde, Mayonnaise, Ketchup</a></li><li><a href="../../../epicerie-sal%25C3%25A9e/sauces,-condiments/olives,-cornichons/id0/688.html">Olives,  Cornichons</a></li><li><a href="../../../epicerie-sal%25C3%25A9e/sauces,-condiments/sel,-poivre,-epices,-herbes/id0/695.html">Sel, Poivre, Epices, Herbes</a></li><li><a href="../../../epicerie-sal%25C3%25A9e/sauces,-condiments/bouillons,-aides-culinaires/id0/687.html">Bouillons, Aides culinaires</a></li></ul></li><li><h3><a title="RR2021" rel="page-477" href="../../../id3/413/477.html">Produits salés apéritifs</a></h3><ul class="menu"><li><a href="../../../epicerie-sal%25C3%25A9e/produits-sal%25C3%25A9s-ap%25C3%25A9ritifs/chips,-tuiles/id0/675.html">Chips, Tuiles</a></li><li><a href="../../../epicerie-sal%25C3%25A9e/produits-sal%25C3%25A9s-ap%25C3%25A9ritifs/cacahu%25C3%25A8tes,-autres-graines/id0/673.html">Cacahuètes, Autres Graines</a></li><li><a href="../../../epicerie-sal%25C3%25A9e/produits-sal%25C3%25A9s-ap%25C3%25A9ritifs/biscuits-sal%25C3%25A9s,-souffl%25C3%25A9s/id0/668.html">Biscuits salés, Soufflés</a></li><li><a href="../../../epicerie-sal%25C3%25A9e/produits-sal%25C3%25A9s-ap%25C3%25A9ritifs/autres-produits-ap%25C3%25A9ritifs/id0/669.html">Autres Produits Apéritifs</a></li></ul></li><li><h3><a title="RR3363" rel="page-143464" href="../../../id3/413/143464.html">Produits Gourmets</a></h3><ul class="menu"><li><a href="../../../epicerie-sal%25C3%25A9e/produits-gourmets/epicerie-sal%25C3%25A9e/id0/143468.html">Epicerie Salée</a></li><li><a href="../../../epicerie-sal%25C3%25A9e/produits-gourmets/epicerie-sucr%25C3%25A9e/id0/143469.html">Epicerie Sucrée</a></li></ul></li></ul><?xml version="1.0" encoding="UTF-8"?><a href="http://www.refonte.auchandirect.fr/rayon/485262"><img src="http://www.refonte.auchandirect.fr/static/S0213epiceriesalee.png" alt="La promo de la semaine au rayon &eacute;picerie sal&eacute;e" title="La promo de la semaine au rayon &eacute;picerie sal&eacute;e" width="150" height="275" /></a>     
<div class="clear"></div></div><div class="clear"></div></div></div></div></li><li><a title="RR1007" href="492.html#">Petit-Déjeuner<br/>Epicerie Sucrée</a><div class="hovered_big_menu" id="4092"><div class="menu-panel"><div class="menu-listes-container float-container"><div class="menu-listes"><ul class="menu menu-horizontal menu_left"><li><h3><a title="RR2029" rel="page-484" href="../../../id3/409/484.html">Petit-déjeuner</a></h3><ul class="menu"><li><a href="../../../petit-d%25C3%25A9jeuner-epicerie-sucr%25C3%25A9e/petit-d%25C3%25A9jeuner/caf%25C3%25A9s,-chicor%25C3%25A9es,-chocolats/id0/710.html">Cafés, Chicorées, Chocolats</a></li><li><a href="../../../petit-d%25C3%25A9jeuner-epicerie-sucr%25C3%25A9e/petit-d%25C3%25A9jeuner/dosettes,-capsules/id0/431984.html">Dosettes, Capsules</a></li><li><a href="../../../petit-d%25C3%25A9jeuner-epicerie-sucr%25C3%25A9e/petit-d%25C3%25A9jeuner/th%25C3%25A9s,-infusions/id0/715.html">Thés, Infusions</a></li><li><a href="../../../petit-d%25C3%25A9jeuner-epicerie-sucr%25C3%25A9e/petit-d%25C3%25A9jeuner/c%25C3%25A9r%25C3%25A9ales/id0/709.html">Céréales</a></li><li><a href="../../../petit-d%25C3%25A9jeuner-epicerie-sucr%25C3%25A9e/petit-d%25C3%25A9jeuner/biscottes,-tartines/id0/708.html">Biscottes, Tartines</a></li><li><a href="../../../petit-d%25C3%25A9jeuner-epicerie-sucr%25C3%25A9e/petit-d%25C3%25A9jeuner/pains-et-viennoiseries/id0/716.html">Pains et Viennoiseries</a></li><li><a href="../../../petit-d%25C3%25A9jeuner-epicerie-sucr%25C3%25A9e/petit-d%25C3%25A9jeuner/confitures,-miels,-p%25C3%25A2tes-%25C3%25A0-tartiner/id0/712.html">Confitures, Miels, Pâtes à Tartiner</a></li><li><a href="../../../petit-d%25C3%25A9jeuner-epicerie-sucr%25C3%25A9e/petit-d%25C3%25A9jeuner/jus-de-fruits/id0/713.html">Jus de Fruits</a></li><li><a href="../../../petit-d%25C3%25A9jeuner-epicerie-sucr%25C3%25A9e/petit-d%25C3%25A9jeuner/laits/id0/714.html">Laits</a></li></ul></li><li><h3><a title="RR2026" rel="page-483" href="../../../id3/409/483.html">Biscuits, Goûters</a></h3><ul class="menu"><li><a href="../../../petit-d%25C3%25A9jeuner-epicerie-sucr%25C3%25A9e/biscuits,-go%25C3%25BBters/biscuits/id0/693.html">Biscuits</a></li><li><a href="../../../petit-d%25C3%25A9jeuner-epicerie-sucr%25C3%25A9e/biscuits,-go%25C3%25BBters/go%25C3%25BBters/id0/431989.html">Goûters </a></li><li><a href="../../../petit-d%25C3%25A9jeuner-epicerie-sucr%25C3%25A9e/biscuits,-go%25C3%25BBters/p%25C3%25A2tisseries/id0/696.html">Pâtisseries</a></li></ul></li><li><h3><a title="RR2027" rel="page-485" href="../../../id3/409/485.html">Chocolats, Confiseries</a></h3><ul class="menu"><li><a href="../../../petit-d%25C3%25A9jeuner-epicerie-sucr%25C3%25A9e/chocolats,-confiseries/tablettes-de-chocolat/id0/701.html">Tablettes de Chocolat</a></li><li><a href="../../../petit-d%25C3%25A9jeuner-epicerie-sucr%25C3%25A9e/chocolats,-confiseries/confiseries-chocolat%25C3%25A9es/id0/698.html">Confiseries Chocolatées</a></li><li><a href="../../../petit-d%25C3%25A9jeuner-epicerie-sucr%25C3%25A9e/chocolats,-confiseries/bonbons/id0/699.html">Bonbons</a></li><li><a href="../../../petit-d%25C3%25A9jeuner-epicerie-sucr%25C3%25A9e/chocolats,-confiseries/chewing-gum/id0/700.html">Chewing Gum</a></li><li><a href="../../../petit-d%25C3%25A9jeuner-epicerie-sucr%25C3%25A9e/chocolats,-confiseries/petite-confiserie/id0/702.html">Petite Confiserie</a></li></ul></li><li><h3><a title="RR2028" rel="page-486" href="../../../id3/409/486.html">Desserts, Ingrédients</a></h3><ul class="menu"><li><a href="../../../petit-d%25C3%25A9jeuner-epicerie-sucr%25C3%25A9e/desserts,-ingr%25C3%25A9dients/sucres,-farines,-levures/id0/706.html">Sucres, Farines, Levures</a></li><li><a href="../../../petit-d%25C3%25A9jeuner-epicerie-sucr%25C3%25A9e/desserts,-ingr%25C3%25A9dients/compotes,-cr%25C3%25A8mes/id0/704.html">Compotes, Crèmes</a></li><li><a href="../../../petit-d%25C3%25A9jeuner-epicerie-sucr%25C3%25A9e/desserts,-ingr%25C3%25A9dients/desserts-%25C3%25A0-pr%25C3%25A9parer/id0/703.html">Desserts à Préparer</a></li><li><a href="../../../petit-d%25C3%25A9jeuner-epicerie-sucr%25C3%25A9e/desserts,-ingr%25C3%25A9dients/fruits-au-sirop/id0/705.html">Fruits au Sirop</a></li><li><a href="../../../petit-d%25C3%25A9jeuner-epicerie-sucr%25C3%25A9e/desserts,-ingr%25C3%25A9dients/aides-%25C3%25A0-la-p%25C3%25A2tisserie/id0/707.html">Aides à la Pâtisserie</a></li></ul></li><li><h3><a title="Bien Etre, Forme" rel="page-431988" href="../../../id3/409/431988.html">Bien Etre, Forme</a></h3><ul class="menu"><li><a href="../../../petit-d%25C3%25A9jeuner-epicerie-sucr%25C3%25A9e/bien-etre,-forme/petit-d%25C3%25A9jeuner/id0/431990.html">Petit Déjeuner</a></li><li><a href="../../../petit-d%25C3%25A9jeuner-epicerie-sucr%25C3%25A9e/bien-etre,-forme/biscuits,-go%25C3%25BBters/id0/431991.html">Biscuits, Goûters</a></li><li><a href="../../../petit-d%25C3%25A9jeuner-epicerie-sucr%25C3%25A9e/bien-etre,-forme/compl%25C3%25A9ments-alimentaires/id0/431992.html">Compléments alimentaires</a></li><li><a href="../../../petit-d%25C3%25A9jeuner-epicerie-sucr%25C3%25A9e/bien-etre,-forme/sans-gluten/id0/431993.html">Sans gluten</a></li></ul></li></ul><?xml version="1.0" encoding="UTF-8"?><a href="http://www.refonte.auchandirect.fr/rayon/511864"><img src="http://www.refonte.auchandirect.fr/static/epiceriesucree.jpg" alt="Accordez-vous une pause sucr&eacute;e !" title="Accordez-vous une pause sucr&eacute;e !" width="150" height="275" /></a>    
<div class="clear"></div></div><div class="clear"></div></div></div></div></li><li><a title="RR1008" href="492.html#">Boissons</a><div class="hovered_big_menu" id="4112"><div class="menu-panel"><div class="menu-listes-container float-container"><div class="menu-listes"><ul class="menu menu-horizontal menu_left"><li><h3><a title="RR2030" rel="page-478" href="../../../id3/411/478.html">Eaux</a></h3><ul class="menu"><li><a href="../../../boissons/eaux/eaux-plates/id0/667.html">Eaux plates</a></li><li><a href="../../../boissons/eaux/eaux-gazeuses/id0/663.html">Eaux gazeuses</a></li><li><a href="../../../boissons/eaux/eaux-aromatis%25C3%25A9es/id0/666.html">Eaux aromatisées</a></li></ul></li><li><h3><a title="RR2031" rel="page-476" href="../../../id3/411/476.html">Jus, Softs</a></h3><ul class="menu"><li><a href="../../../boissons/jus,-softs/jus-de-fruits,-l%25C3%25A9gumes/id0/672.html">Jus de fruits, Légumes</a></li><li><a href="../../../boissons/jus,-softs/jus-de-fruits-frais/id0/433470.html">Jus de fruits frais</a></li><li><a href="../../../boissons/jus,-softs/colas,-boissons-gazeuses/id0/671.html">Colas, Boissons gazeuses</a></li><li><a href="../../../boissons/jus,-softs/boissons-aromatis%25C3%25A9es,-sirops/id0/670.html">Boissons aromatisées, Sirops</a></li><li><a href="../../../boissons/jus,-softs/energ%25C3%25A9tiques,-sports/id0/431982.html">Energétiques, Sports</a></li></ul></li><li><h3><a title="RR2058" rel="page-506" href="../../../id3/411/506.html">Vins et Champagnes</a></h3><ul class="menu"><li><a href="../../../boissons/vins-et-champagnes/vins-rouges/id0/822.html">Vins rouges</a></li><li><a href="../../../boissons/vins-et-champagnes/vins-blancs/id0/819.html">Vins blancs</a></li><li><a href="../../../boissons/vins-et-champagnes/vins-ros%25C3%25A9s/id0/821.html">Vins rosés</a></li><li><a href="../../../boissons/vins-et-champagnes/champagnes-et-vins-p%25C3%25A9tillants/id0/818.html">Champagnes et vins pétillants</a></li></ul></li><li><h3><a title="RR3373" rel="page-445712" href="../../../id3/411/445712.html">Produits Salés Apéritifs</a></h3><ul class="menu"><li><a href="../../../boissons/produits-sal%25C3%25A9s-ap%25C3%25A9ritifs/chips,-tuiles/id0/445713.html">Chips, Tuiles</a></li><li><a href="../../../boissons/produits-sal%25C3%25A9s-ap%25C3%25A9ritifs/cacahu%25C3%25A8tes,-autres-graines/id0/445714.html">Cacahuètes, Autres Graines</a></li><li><a href="../../../boissons/produits-sal%25C3%25A9s-ap%25C3%25A9ritifs/biscuits-sal%25C3%25A9s,-souffl%25C3%25A9s/id0/445715.html">Biscuits Salés, Soufflés</a></li><li><a href="../../../boissons/produits-sal%25C3%25A9s-ap%25C3%25A9ritifs/autres-produits-ap%25C3%25A9ritifs/id0/445716.html">Autres Produits Apéritifs</a></li></ul></li><li><h3><a title="RR2032" rel="page-475" href="../../../id3/411/475.html">Apéritifs, Digestifs</a></h3><ul class="menu"><li><a href="../../../boissons/ap%25C3%25A9ritifs,-digestifs/whiskies/id0/661.html">Whiskies</a></li><li><a href="../../../boissons/ap%25C3%25A9ritifs,-digestifs/ap%25C3%25A9ritifs,-anis%25C3%25A9s/id0/662.html">Apéritifs, Anisés</a></li><li><a href="../../../boissons/ap%25C3%25A9ritifs,-digestifs/digestifs/id0/658.html">Digestifs</a></li><li><a href="../../../boissons/ap%25C3%25A9ritifs,-digestifs/autres-alcools/id0/431962.html">Autres alcools</a></li><li><a href="../../../boissons/ap%25C3%25A9ritifs,-digestifs/sans-alcool/id0/431963.html">Sans alcool</a></li></ul></li><li><h3><a title="RR2033" rel="page-474" href="../../../id3/411/474.html">Bières, Cidres</a></h3><ul class="menu"><li><a href="../../../boissons/bi%25C3%25A8res,-cidres/bi%25C3%25A8res/id0/664.html">Bières</a></li><li><a href="../../../boissons/bi%25C3%25A8res,-cidres/cidres/id0/665.html">Cidres</a></li></ul></li></ul><?xml version="1.0" encoding="UTF-8"?><a href="http://www.refonte.auchandirect.fr/rayon/422512"><img src="http://www.refonte.auchandirect.fr/static/S0113_boissonscondi.jpg" alt="Pour vos boissons, pensez gros conditionnement !" title="Pour vos boissons, pensez gros conditionnement !" width="150" height="275" /></a>     
<div class="clear"></div></div><div class="clear"></div></div></div></div></li><li><a title="RR1012" href="492.html#">Bébé</a><div class="hovered_big_menu" id="4102"><div class="menu-panel"><div class="menu-listes-container float-container"><div class="menu-listes"><ul class="menu menu-horizontal menu_left"><li><h3><a title="RR2048" rel="page-490" href="../../../id3/410/490.html">Couches, Culottes</a></h3><ul class="menu"><li><a href="../../../b%25C3%25A9b%25C3%25A9/couches,-culottes/nouveau-n%25C3%25A9s/id0/718.html">Nouveau-nés</a></li><li><a href="../../../b%25C3%25A9b%25C3%25A9/couches,-culottes/3-9-kg/id0/721.html">3-9 kg</a></li><li><a href="../../../b%25C3%25A9b%25C3%25A9/couches,-culottes/7-20-kg/id0/717.html">7-20 kg</a></li><li><a href="../../../b%25C3%25A9b%25C3%25A9/couches,-culottes/11-35-kg/id0/719.html">11-35 kg</a></li><li><a href="../../../b%25C3%25A9b%25C3%25A9/couches,-culottes/culottes/id0/720.html">Culottes</a></li></ul></li><li><h3><a title="RR2047" rel="page-487" href="../../../id3/410/487.html">Laits bébé</a></h3><ul class="menu"><li><a href="../../../b%25C3%25A9b%25C3%25A9/laits-b%25C3%25A9b%25C3%25A9/croissance/id0/725.html">Croissance</a></li><li><a href="../../../b%25C3%25A9b%25C3%25A9/laits-b%25C3%25A9b%25C3%25A9/laits-1er-age/id0/722.html">Laits 1er Age</a></li><li><a href="../../../b%25C3%25A9b%25C3%25A9/laits-b%25C3%25A9b%25C3%25A9/laits-2%25C3%25A8me-age/id0/723.html">Laits 2ème Age</a></li><li><a href="../../../b%25C3%25A9b%25C3%25A9/laits-b%25C3%25A9b%25C3%25A9/laits-infantiles-bio/id0/724.html">Laits Infantiles Bio</a></li></ul></li><li><h3><a title="RR2046" rel="page-488" href="../../../id3/410/488.html">Alimentation bébé</a></h3><ul class="menu"><li><a href="../../../b%25C3%25A9b%25C3%25A9/alimentation-b%25C3%25A9b%25C3%25A9/petit-d%25C3%25A9jeuner/id0/727.html">Petit-déjeuner</a></li><li><a href="../../../b%25C3%25A9b%25C3%25A9/alimentation-b%25C3%25A9b%25C3%25A9/petits-pots,-assiettes/id0/729.html">Petits Pots, Assiettes</a></li><li><a href="../../../b%25C3%25A9b%25C3%25A9/alimentation-b%25C3%25A9b%25C3%25A9/go%25C3%25BBters,-desserts/id0/730.html">Goûters, Desserts</a></li><li><a href="../../../b%25C3%25A9b%25C3%25A9/alimentation-b%25C3%25A9b%25C3%25A9/boissons/id0/728.html">Boissons</a></li><li><a href="../../../b%25C3%25A9b%25C3%25A9/alimentation-b%25C3%25A9b%25C3%25A9/alimentation-b%25C3%25A9b%25C3%25A9-bio/id0/726.html">Alimentation Bébé Bio</a></li></ul></li><li><h3><a title="RR2049" rel="page-489" href="../../../id3/410/489.html">Toilette et Soin</a></h3><ul class="menu"><li><a href="../../../b%25C3%25A9b%25C3%25A9/toilette-et-soin/cotons,-lingettes/id0/731.html">Cotons, Lingettes</a></li><li><a href="../../../b%25C3%25A9b%25C3%25A9/toilette-et-soin/toilette/id0/732.html">Toilette</a></li><li><a href="../../../b%25C3%25A9b%25C3%25A9/toilette-et-soin/soins/id0/733.html">Soins</a></li><li><a href="../../../b%25C3%25A9b%25C3%25A9/toilette-et-soin/accessoires-de-pu%25C3%25A9riculture/id0/736.html">Accessoires de Puériculture</a></li><li><a href="../../../b%25C3%25A9b%25C3%25A9/toilette-et-soin/pour-la-maman/id0/734.html">Pour la Maman</a></li></ul></li></ul><?xml version="1.0" encoding="UTF-8"?><a href="http://www.refonte.auchandirect.fr/rayon/112962"><img src="http://www.refonte.auchandirect.fr/static/S0213bebe.jpg" alt="Auchan Baby r&eacute;gale les b&eacute;b&eacute;s" title="Auchan Baby r&eacute;gale les b&eacute;b&eacute;s" width="150" height="275" /></a>    
<div class="clear"></div></div><div class="clear"></div></div></div></div></li><li><a title="RR1001" href="492.html#">Bio<br/>Ecolo</a><div class="hovered_big_menu" id="4052"><div class="menu-panel"><div class="menu-listes-container float-container"><div class="menu-listes"><ul class="menu menu-horizontal menu_left"><li><h3><a title="RR2002" rel="page-456" href="../../../id3/405/456.html">Produits Frais et Surgelés Bio</a></h3><ul class="menu"><li><a href="../../../bio-ecolo/produits-frais-et-surgel%25C3%25A9s-bio/charcuterie,-traiteur/id0/575.html">Charcuterie,  Traiteur</a></li><li><a href="../../../bio-ecolo/produits-frais-et-surgel%25C3%25A9s-bio/fruits,-l%25C3%25A9gumes/id0/574.html">Fruits,  Légumes</a></li><li><a href="../../../bio-ecolo/produits-frais-et-surgel%25C3%25A9s-bio/laitages,-oeufs/id0/576.html">Laitages, Oeufs</a></li><li><a href="../../../bio-ecolo/produits-frais-et-surgel%25C3%25A9s-bio/surgel%25C3%25A9s/id0/577.html">Surgelés</a></li><li><a href="../../../bio-ecolo/produits-frais-et-surgel%25C3%25A9s-bio/viandes,-volailles,-poissons/id0/578.html">Viandes,  Volailles,  Poissons</a></li></ul></li><li><h3><a title="RR2003" rel="page-458" href="../../../id3/405/458.html">Epicerie Bio</a></h3><ul class="menu"><li><a href="../../../bio-ecolo/epicerie-bio/biscuits,-epicerie-sucr%25C3%25A9e/id0/567.html">Biscuits,  Epicerie Sucrée</a></li><li><a href="../../../bio-ecolo/epicerie-bio/petit-d%25C3%25A9jeuner/id0/573.html">Petit-déjeuner</a></li><li><a href="../../../bio-ecolo/epicerie-bio/conserves,-plats-cuisin%25C3%25A9s/id0/565.html">Conserves,  Plats Cuisinés</a></li><li><a href="../../../bio-ecolo/epicerie-bio/p%25C3%25A2tes,-riz,-c%25C3%25A9r%25C3%25A9ales/id0/570.html">Pâtes,  Riz,  Céréales</a></li><li><a href="../../../bio-ecolo/epicerie-bio/sauces,-condiments/id0/572.html">Sauces,  Condiments</a></li></ul></li><li><h3><a title="RR2004" rel="page-455" href="../../../id3/405/455.html">Boissons Bio</a></h3><ul class="menu"><li><a href="../../../bio-ecolo/boissons-bio/alcools/id0/554.html">Alcools</a></li><li><a href="../../../bio-ecolo/boissons-bio/jus-de-fruits,-l%25C3%25A9gumes/id0/557.html">Jus de Fruits,  Légumes</a></li><li><a href="../../../bio-ecolo/boissons-bio/lait,-soja,-riz/id0/563.html">Lait,  Soja, riz</a></li></ul></li><li><h3><a title="RR2001" rel="page-454" href="../../../id3/405/454.html">Bébé Bio</a></h3><ul class="menu"><li><a href="../../../bio-ecolo/b%25C3%25A9b%25C3%25A9-bio/alimentation-b%25C3%25A9b%25C3%25A9/id0/558.html">Alimentation Bébé</a></li><li><a href="../../../bio-ecolo/b%25C3%25A9b%25C3%25A9-bio/laits-b%25C3%25A9b%25C3%25A9/id0/556.html">Laits Bébé</a></li><li><a href="../../../bio-ecolo/b%25C3%25A9b%25C3%25A9-bio/toilette,-soins/id0/555.html">Toilette, Soins</a></li></ul></li><li><h3><a title="RR2005" rel="page-457" href="../../../id3/405/457.html">Entretien,  Hygiène Bio Ecolo</a></h3><ul class="menu"><li><a href="../../../bio-ecolo/entretien,-hygi%25C3%25A8ne-bio-ecolo/entretien/id0/559.html">Entretien</a></li><li><a href="../../../bio-ecolo/entretien,-hygi%25C3%25A8ne-bio-ecolo/soins-de-la-personne/id0/562.html">Soins de la Personne</a></li><li><a href="../../../bio-ecolo/entretien,-hygi%25C3%25A8ne-bio-ecolo/piles,-ampoules/id0/564.html">Piles, Ampoules</a></li></ul></li></ul><?xml version="1.0" encoding="UTF-8"?><a href="http://www.refonte.auchandirect.fr/rayon/82018"><img src="http://www.refonte.auchandirect.fr/static/150x275_bio.jpg" alt="" width="150" height="275" /></a>   
<div class="clear"></div></div><div class="clear"></div></div></div></div></li><li><a title="RR1010" href="492.html#">Hygiène<br/>Beauté</a><div class="hovered_big_menu" id="4122"><div class="menu-panel"><div class="menu-listes-container float-container"><div class="menu-listes"><ul class="menu menu-horizontal menu_left"><li><h3><a title="RR2038" rel="page-492" href="../../../id3/412/492.html">Corps</a></h3><ul class="menu"><li><a href="../douche,-bain/id0/746.html">Douche, Bain</a></li><li><a href="../savons/id0/748.html">Savons</a></li><li><a href="../d%25C3%25A9odorants/id0/744.html">Déodorants</a></li><li><a href="../cr%25C3%25A8mes,-soins-du-corps/id0/745.html">Crèmes, Soins du Corps</a></li><li><a href="../soins-mains,-pieds/id0/751.html">Soins Mains, Pieds</a></li><li><a href="../epilation-f%25C3%25A9minine/id0/750.html">Epilation Féminine</a></li><li><a href="../hygi%25C3%25A8ne-intime/id0/749.html">Hygiène intime</a></li><li><a href="../solaires/id0/754.html">Solaires</a></li></ul></li><li><h3><a title="RR2037" rel="page-491" href="../../../id3/412/491.html">Cheveux</a></h3><ul class="menu"><li><a href="../../cheveux/shampooings/id0/743.html">Shampooings</a></li><li><a href="../../cheveux/apr%25C3%25A8s-shampooings/id0/738.html">Après shampooings</a></li><li><a href="../../cheveux/masques,-soins-capillaires/id0/741.html">Masques, Soins Capillaires</a></li><li><a href="../../cheveux/coiffants/id0/740.html">Coiffants</a></li></ul></li><li><h3><a title="RR2036" rel="page-493" href="../../../id3/412/493.html">Visage</a></h3><ul class="menu"><li><a href="../../visage/cotons,-lingettes/id0/761.html">Cotons, Lingettes</a></li><li><a href="../../visage/toilette-du-visage/id0/766.html">Toilette du Visage</a></li><li><a href="../../visage/soins-dentaires/id0/764.html">Soins Dentaires</a></li><li><a href="../../visage/soins-du-visage/id0/767.html">Soins du Visage</a></li><li><a href="../../visage/maquillage/id0/765.html">Maquillage</a></li></ul></li><li><h3><a title="Hommes" rel="page-433468" href="../../../id3/412/433468.html">Hommes</a></h3><ul class="menu"><li><a href="../../hommes/rasage,-soins-hommes/id0/763.html">Rasage, Soins Hommes</a></li><li><a href="../../hommes/cheveux/id0/739.html">Cheveux</a></li><li><a href="../../hommes/douche,-bain/id0/747.html">Douche, Bain</a></li><li><a href="../../hommes/d%25C3%25A9odorants/id0/1707.html">Déodorants</a></li></ul></li><li><h3><a title="RR2040" rel="page-494" href="../../../id3/412/494.html">Papier, Parapharmacie</a></h3><ul class="menu"><li><a href="../../papier,-parapharmacie/papiers-toilette/id0/753.html">Papiers toilette</a></li><li><a href="../../papier,-parapharmacie/essuie-tout/id0/752.html">Essuie-tout</a></li><li><a href="../../papier,-parapharmacie/mouchoirs/id0/756.html">Mouchoirs</a></li><li><a href="../../papier,-parapharmacie/parapharmacie/id0/495.html">Parapharmacie</a></li><li><a href="../../papier,-parapharmacie/solaires/id0/759.html">Solaires</a></li></ul></li></ul><?xml version="1.0" encoding="UTF-8"?><a href="../../../detailProduit/-1/LV0000002179.html"><img src="http://www.refonte.auchandirect.fr/static/S0113_hygiene.jpg" alt="La promo de la semaine au rayon hygiene beaut&eacute;" title="La promo de la semaine au rayon hygiene beaut&eacute;" width="150" height="275" /></a>    
<div class="clear"></div></div><div class="clear"></div></div></div></div></li><li><a title="RR1011" href="492.html#">Entretien</a><div class="hovered_big_menu" id="4142"><div class="menu-panel"><div class="menu-listes-container float-container"><div class="menu-listes"><ul class="menu menu-horizontal menu_left"><li><h3><a title="RR2045" rel="page-499" href="../../../id3/414/499.html">Papiers</a></h3><ul class="menu"><li><a href="../../../entretien/papiers/essuies-tout/id0/775.html">Essuies tout</a></li><li><a href="../../../entretien/papiers/mouchoirs/id0/774.html">Mouchoirs</a></li><li><a href="../../../entretien/papiers/papiers-toilette/id0/776.html">Papiers toilette</a></li></ul></li><li><h3><a title="RR2041" rel="page-500" href="../../../id3/414/500.html">Soin du Linge</a></h3><ul class="menu"><li><a href="../../../entretien/soin-du-linge/lessives/id0/792.html">Lessives</a></li><li><a href="../../../entretien/soin-du-linge/assouplissants/id0/790.html">Assouplissants</a></li><li><a href="../../../entretien/soin-du-linge/aides-au-lavage/id0/788.html">Aides au Lavage</a></li></ul></li><li><h3><a title="RR2043" rel="page-497" href="../../../id3/414/497.html">Produits ménagers</a></h3><ul class="menu"><li><a href="../../../entretien/produits-m%25C3%25A9nagers/cuisine,-salle-de-bain,-javel/id0/778.html">Cuisine, Salle de bain, Javel</a></li><li><a href="../../../entretien/produits-m%25C3%25A9nagers/multi-usages/id0/784.html">Multi-usages</a></li><li><a href="../../../entretien/produits-m%25C3%25A9nagers/lingettes-nettoyantes/id0/780.html">Lingettes Nettoyantes</a></li><li><a href="../../../entretien/produits-m%25C3%25A9nagers/sols/id0/785.html">Sols</a></li><li><a href="../../../entretien/produits-m%25C3%25A9nagers/vitres,-meubles/id0/787.html">Vitres, Meubles</a></li><li><a href="../../../entretien/produits-m%25C3%25A9nagers/wc,-d%25C3%25A9boucheurs/id0/789.html">WC, Déboucheurs</a></li><li><a href="../../../entretien/produits-m%25C3%25A9nagers/produits-ecolo/id0/786.html">Produits Ecolo</a></li></ul></li><li><h3><a title="RR2042" rel="page-496" href="../../../id3/414/496.html">Vaisselle</a></h3><ul class="menu"><li><a href="../../../entretien/vaisselle/lavage-en-machine/id0/793.html">Lavage en Machine</a></li><li><a href="../../../entretien/vaisselle/liquides-vaisselle/id0/795.html">Liquides Vaisselle</a></li><li><a href="../../../entretien/vaisselle/gants,-eponges/id0/794.html">Gants, Eponges</a></li></ul></li><li><h3><a title="RR2044" rel="page-498" href="../../../id3/414/498.html">Cuisine</a></h3><ul class="menu"><li><a href="../../../entretien/cuisine/sacs-poubelle/id0/773.html">Sacs Poubelle</a></li><li><a href="../../../entretien/cuisine/aides-%25C3%25A0-la-conservation,-cuisson/id0/768.html">Aides à la Conservation, Cuisson</a></li><li><a href="../../../entretien/cuisine/bo%25C3%25AEtes-herm%25C3%25A9tiques,-vaisselle-jetable/id0/770.html">Boîtes Hermétiques, Vaisselle Jetable</a></li><li><a href="../../../entretien/cuisine/ustensiles-de-cuisine,-filtres-%25C3%25A0-caf%25C3%25A9/id0/769.html">Ustensiles de cuisine, Filtres à café</a></li><li><a href="../../../entretien/cuisine/gants,-eponges/id0/772.html">Gants, Eponges</a></li></ul></li></ul><?xml version="1.0" encoding="UTF-8"?><a href="http://www.refonte.auchandirect.fr/rayon/511866"><img src="http://www.refonte.auchandirect.fr/static/S0113_entretien.jpg" alt="Tout pour la maison" title="Tout pour la maison" width="150" height="275" /></a>    
<div class="clear"></div></div><div class="clear"></div></div></div></div></li><li><a title="RR1013" href="492.html#">Animaux<br/>Maison</a><div class="hovered_big_menu" id="4152"><div class="menu-panel"><div class="menu-listes-container float-container"><div class="menu-listes"><ul class="menu menu-horizontal menu_left"><li><h3><a title="RR2051" rel="page-501" href="../../../id3/415/501.html">Animaux</a></h3><ul class="menu"><li><a href="../../../animaux-maison/animaux/chats/id0/797.html">Chats</a></li><li><a href="../../../animaux-maison/animaux/chiens/id0/798.html">Chiens</a></li><li><a href="../../../animaux-maison/animaux/rongeurs---autres-animaux/id0/796.html">Rongeurs - Autres animaux</a></li></ul></li><li><h3><a title="RR2054" rel="page-503" href="../../../id3/415/503.html">Droguerie</a></h3><ul class="menu"><li><a href="../../../animaux-maison/droguerie/d%25C3%25A9sodorisants/id0/802.html">Désodorisants</a></li><li><a href="../../../animaux-maison/droguerie/bougies,-allumettes/id0/799.html">Bougies, Allumettes</a></li><li><a href="../../../animaux-maison/droguerie/insecticides/id0/803.html">Insecticides</a></li><li><a href="../../../animaux-maison/droguerie/cirages/id0/801.html">Cirages</a></li></ul></li><li><h3><a title="RR2055" rel="page-505" href="../../../id3/415/505.html">Maison pratique</a></h3><ul class="menu"><li><a href="../../../animaux-maison/maison-pratique/accessoires-cuisine/id0/804.html">Accessoires Cuisine</a></li><li><a href="../../../animaux-maison/maison-pratique/ampoules,-piles/id0/806.html">Ampoules, Piles</a></li><li><a href="../../../animaux-maison/maison-pratique/allumettes/id0/808.html">Allumettes</a></li><li><a href="../../../animaux-maison/maison-pratique/divers/id0/805.html">Divers</a></li></ul></li><li><h3><a title="RR2056" rel="page-504" href="../../../id3/415/504.html">Papeterie</a></h3><ul class="menu"><li><a href="../../../animaux-maison/papeterie/ecriture/id0/813.html">Ecriture</a></li><li><a href="../../../animaux-maison/papeterie/papiers,-cahiers/id0/812.html">Papiers, Cahiers</a></li><li><a href="../../../animaux-maison/papeterie/cartouches-imprimantes/id0/809.html">Cartouches imprimantes</a></li></ul></li><li><h3><a title="RR2052" rel="page-502" href="../../../id3/415/502.html">Textile</a></h3><ul class="menu"><li><a href="../../../animaux-maison/textile/collants,-leggings/id0/815.html">Collants, Leggings</a></li><li><a href="../../../animaux-maison/textile/bas,-mi-bas/id0/814.html">Bas, Mi-bas</a></li></ul></li></ul><?xml version="1.0" encoding="UTF-8"?><a href="../../../animaux-maison/animaux/liti%25C3%25A8re-compacte-hyper-absorbante/id1/501/23329.html"><img src="http://www.refonte.auchandirect.fr/static/S0113_animaux.jpg" alt="La promo des animaux" title="La promo des animaux" width="150" height="275" /></a>    
<div class="clear"></div></div><div class="clear"></div></div></div></div></li><li><a title="titre Boutiques" rel="page-boutiques" href="492.html#">Boutiques</a><div class="hovered_big_menu" id="4152"><div class="menu-panel"><div class="menu-listes-container float-container"><?xml version="1.0" encoding="UTF-8"?><div class="boutique-cont" style="background: none repeat scroll 0% 0% #ffffff; border-radius: 8px 8px 8px 8px; padding: 5px">
<div class="promo-moment" style="width: 590px; margin: 0px 0px 10px; float: left">
<h1>&Agrave; ne pas rater en ce moment</h1>
<ul>
	<li style="padding: 0px 12px; margin: 17px 0px">	
	<a style="background: none repeat scroll 0% 0% transparent ! important; border-left: medium none ! important; margin: 0px ! important; height: auto" href="http://www.refonte.auchandirect.fr/rayon/510514"><img src="http://www.refonte.auchandirect.fr/static/produitsfestifs.jpg" alt="Destockage!" /></a>	
	<h2>Destockage sur les produits festifs !</h2>	
	<p>
	Jusqu'&agrave; -50% vous attendent sur une selection de produits festifs...	
	</p>
	<a href="http://www.refonte.auchandirect.fr/rayon/510514">&gt;&gt; Voir les offres</a>	</li>	
	<li style="padding: 0px 12px; margin: 17px 0px"><a style="background: none repeat scroll 0% 0% transparent ! important; border-left: medium none ! important; margin: 0px ! important; height: auto" href="../../../rayon.customerinfos.minibasket.validatebasket%3Ft:ac=promos.html"><img src="http://www.refonte.auchandirect.fr/static/promos2013.gif" alt="Bonne Ann&eacute;e!" /> 	</a>	
	<h2>Bonne Ann&eacute;e !</h2>	
	<p>
	Retrouvez les premi&egrave;res promotions de l'ann&eacute;e...	
	</p>
	<a href="../../../rayon.customerinfos.minibasket.validatebasket%3Ft:ac=promos.html">&gt;&gt; Voir les offres</a>	</li>
</ul>
</div>
<div class="produits-a-decouvrir" style="float: right; margin: 0px 0px 10px">
<h2 style="color: #ffffff; background: none repeat scroll 0% 0% #ff7f1e; border-radius: 6px 6px 0px 0px">Je ma&icirc;trise mon budget</h2>
<ul>
	<li class="first-bord" style="float: left; border-top: 1px solid #ff7f1e ! important; padding-left: 9px">	<a style="background: none repeat scroll 0% 0% transparent ! important; border-left: medium none ! important; padding: 0px; margin: 0px ! important; float: left" href="http://www.refonte.auchandirect.fr/rayon/471412"><img src="http://www.refonte.auchandirect.fr/static/produitsauchan2.gif" alt="Produits Auchan" /></a>  	
	<div class="infos">
	<h3 style="font-size: 1.2em">Produits Auchan</h3>	
	<p style="font-size: 12px">
	Retrouvez une s&eacute;lection de pr&egrave;s de 100 produits Auchan du quotidien &agrave; petit prix	
	</p>
	<a style="border: medium none ! important; padding-left: 0px ! important" href="http://www.refonte.auchandirect.fr/rayon/471412">&gt;&gt; 	Parcourir</a>	
	</div>
	</li>	
	<li style="float: left; padding-left: 9px">	
	<a style="background: none repeat scroll 0% 0% transparent ! important; border-left: medium none ! important; padding: 0px; margin: 0px ! important; float: left" href="http://www.refonte.auchandirect.fr/rayon/82018"><img src="http://www.refonte.auchandirect.fr/static/bio1euro.gif" alt="Bioa1euro" /></a>
	<div class="infos">
	<h3 style="font-size: 1.2em">Le bio &agrave; moins d' 1 euro</h3>
	<p style="font-size: 12px">
	Restez bio toute l'ann&eacute;e sans vous ruiner !<a style="border: medium none ! important; padding-left: 0px ! important" href="http://www.refonte.auchandirect.fr/rayon/82018">&gt;&gt; D&eacute;couvrir</a>	
	</p>
	</div>
	</li>	
	<li style="float: left; padding-left: 9px">	<a style="background: none repeat scroll 0% 0% transparent ! important; border-left: medium none ! important; padding: 0px; margin: 0px ! important; float: left"><img src="http://www.refonte.auchandirect.fr/static/riketrok.gif" alt="Rik et Rok" /></a>	
	<div class="infos">
	<h3 style="font-size: 1.2em">Rik&amp;Rok</h3>	
	<p style="font-size: 12px">
	La gamme ludique et savoureuse pour le plus grand bonheur de vos enfants !	
	</p>
	<a style="border: medium none ! important; padding-left: 0px ! important" href="http://www.refonte.auchandirect.fr/rayon/562314">&gt;&gt; D&eacute;couvrir</a>	
	</div>
	</li>
</ul>
</div>
<div class="promo-bottom" style="margin: 0px ! important; overflow: hidden">
<a style="background: none repeat scroll 0% 0% transparent ! important; border-left: medium none ! important; padding: 0px; margin: 0px ! important; float: left" href="http://auchandirect.photobox.fr/content/private-sales?cid=banvpi012013"><img src="http://www.refonte.auchandirect.fr/static/photobox.jpg" alt="Auchan direct photo" /></a>
<h1 style="width: 440px">Jusqu'au 13 Janvier minuit retrouvez nos offres priv&eacute;es :<span> jusqu'&agrave; -70% !</span></h1>
<a style="border: medium none ! important" href="http://auchandirect.photobox.fr/content/private-sales?cid=banvpi012013" class="btn-offre">J'y vais !</a>
</div>
</div>
</div></div></div></li></ul></div><div><script language="javascript">
var tc_vars = new Array();
/* Partie Environnement */
tc_vars["env_template"]="Sous Rayon";
tc_vars["env_work"]="prod";
tc_vars["env_channel"]="web";
tc_vars["env_language"]="français";
tc_vars["env_country"]="France";
tc_vars["env_dnt"]="disabled";
/* Partie Users */
tc_vars["user_rcw"]="";
tc_vars["user_id"]="";
tc_vars["user_gender"]="";
tc_vars["user_category"]="";
tc_vars["user_recency"]="";
tc_vars["user_frequency"]="";
tc_vars["user_amount"]="";
tc_vars["user_smb"]="";
tc_vars["user_logged"]="0";
tc_vars["user_age"]="";
tc_vars["user_scoring"]="000";
tc_vars["user_store"]="Morangis";
tc_vars["user_postalcode"]="91420";
/* Partie Tree structure */
tc_vars["page_cat1"]="";
tc_vars["page_cat2"]="";
tc_vars["page_cat3"]="";
tc_vars["page_name"]="Courses en ligne, livraison à domicile en 24h - Auchandirect.fr";
tc_vars["page_error"]="";
/* Partie Panier */
tc_vars["order_id"]="";
tc_vars["basket_id"]="0";
tc_vars["order_amount_ati_without_sf"]="";
tc_vars["order_amount_ati_with_sf"]="";
tc_vars["order_discount_ati"]="";
tc_vars["order_ship_ati"]="";
tc_vars["order_amount_tf_without_sf"]="";
tc_vars["order_amount_tf_with_sf"]="";
tc_vars["order_discount_tf"]="";
tc_vars["order_ship_tf"]="";
tc_vars["order_newcustomer"]="";
tc_vars["order_tax"]="";
tc_vars["order_payment_methods"]="";
tc_vars["order_shipping_method"]="LAD";
tc_vars["order_status"]="";
tc_vars["order_promo_codes"]="";
tc_vars["order_currency"]="";
tc_vars["order_email"]="";
tc_vars["order_email_optin"]="";
tc_vars["order_products_number"]="0";

tc_vars["order_products"] = new Array();

/* Partie Produit */
tc_vars["product_id"]="";
tc_vars["product_id_cug"]="";
tc_vars["product_id_upsell1"]="";
tc_vars["product_id_upsell2"]="";
tc_vars["product_id_upsell3"]="";
tc_vars["product_id_crossell1"]="";
tc_vars["product_id_crossell2"]="";
tc_vars["product_id_crossell3"]="";
tc_vars["product_name"]="";
tc_vars["product_unitprice_ati"]="";
tc_vars["product_unitprice_tf"]="";
tc_vars["product_currency"]="";
tc_vars["product_trademark"]="";
tc_vars["product_url_page"]="";
tc_vars["product_url_picture"]="";
tc_vars["product_isbundle"]="";
tc_vars["product_breadcrumb_id"]="";
tc_vars["product_breadcrumb_label"]="";
tc_vars["product_rating"]="";
tc_vars["product_instock"]="";
/* Partie Liste Produit */
tc_vars["list_products"] = new Array();

tc_vars["list_products"][0] = new Array();
tc_vars["list_products"][0]["list_product_id"]="58698";
tc_vars["list_products"][0]["list_product_id_cug"]="60679";
tc_vars["list_products"][0]["list_product_id_upsell1"]="";
tc_vars["list_products"][0]["list_product_id_upsell2"]="";
tc_vars["list_products"][0]["list_product_id_upsell3"]="";
tc_vars["list_products"][0]["list_product_id_crossell1"]="";
tc_vars["list_products"][0]["list_product_id_crossell2"]="";
tc_vars["list_products"][0]["list_product_id_crossell3"]="";
tc_vars["list_products"][0]["list_product_name"]="Protèges-slip flux normal";
tc_vars["list_products"][0]["list_product_unitprice_ati"]="2.89€";
tc_vars["list_products"][0]["list_product_discount_ati"]="0.00€";
tc_vars["list_products"][0]["list_product_unitprice_tf"]="2.89€";
tc_vars["list_products"][0]["list_product_currency"]="EUR";
tc_vars["list_products"][0]["list_product_trademark"]="ALWAYS";
tc_vars["list_products"][0]["list_product_url_page"]="http://www.refonte.auchandirect.fr/detailproduit/492/60679";
tc_vars["list_products"][0]["list_product_url_picture"]="http://www.refonte.auchandirect.fr/static/images/products/detail/60679.jpg";
tc_vars["list_products"][0]["list_product_isbundle"]="N";
tc_vars["list_products"][0]["list_product_breadcrumb_id"]="492";
tc_vars["list_products"][0]["list_product_breadcrumb_label"]="Corps";
tc_vars["list_products"][0]["list_product_rating"]="";
tc_vars["list_products"][0]["list_product_instock"]="N";
tc_vars["list_products"][0]["list_product_totalprice_tf"]="2.89€"
tc_vars["list_products"][0]["list_product_trademark"]="ALWAYS"

tc_vars["list_products"][1] = new Array();
tc_vars["list_products"][1]["list_product_id"]="58545";
tc_vars["list_products"][1]["list_product_id_cug"]="60241";
tc_vars["list_products"][1]["list_product_id_upsell1"]="";
tc_vars["list_products"][1]["list_product_id_upsell2"]="";
tc_vars["list_products"][1]["list_product_id_upsell3"]="";
tc_vars["list_products"][1]["list_product_id_crossell1"]="";
tc_vars["list_products"][1]["list_product_id_crossell2"]="";
tc_vars["list_products"][1]["list_product_id_crossell3"]="";
tc_vars["list_products"][1]["list_product_name"]="Protèges-slip";
tc_vars["list_products"][1]["list_product_unitprice_ati"]="2.26€";
tc_vars["list_products"][1]["list_product_discount_ati"]="0.00€";
tc_vars["list_products"][1]["list_product_unitprice_tf"]="2.26€";
tc_vars["list_products"][1]["list_product_currency"]="EUR";
tc_vars["list_products"][1]["list_product_trademark"]="ALWAYS";
tc_vars["list_products"][1]["list_product_url_page"]="http://www.refonte.auchandirect.fr/detailproduit/492/60241";
tc_vars["list_products"][1]["list_product_url_picture"]="http://www.refonte.auchandirect.fr/static/images/products/detail/60241.jpg";
tc_vars["list_products"][1]["list_product_isbundle"]="N";
tc_vars["list_products"][1]["list_product_breadcrumb_id"]="492";
tc_vars["list_products"][1]["list_product_breadcrumb_label"]="Corps";
tc_vars["list_products"][1]["list_product_rating"]="";
tc_vars["list_products"][1]["list_product_instock"]="Y";
tc_vars["list_products"][1]["list_product_totalprice_tf"]="2.26€"
tc_vars["list_products"][1]["list_product_trademark"]="ALWAYS"

tc_vars["list_products"][2] = new Array();
tc_vars["list_products"][2]["list_product_id"]="89838";
tc_vars["list_products"][2]["list_product_id_cug"]="58579";
tc_vars["list_products"][2]["list_product_id_upsell1"]="";
tc_vars["list_products"][2]["list_product_id_upsell2"]="";
tc_vars["list_products"][2]["list_product_id_upsell3"]="";
tc_vars["list_products"][2]["list_product_id_crossell1"]="";
tc_vars["list_products"][2]["list_product_id_crossell2"]="";
tc_vars["list_products"][2]["list_product_id_crossell3"]="";
tc_vars["list_products"][2]["list_product_name"]="Protèges-slip";
tc_vars["list_products"][2]["list_product_unitprice_ati"]="2.49€";
tc_vars["list_products"][2]["list_product_discount_ati"]="0.00€";
tc_vars["list_products"][2]["list_product_unitprice_tf"]="2.49€";
tc_vars["list_products"][2]["list_product_currency"]="EUR";
tc_vars["list_products"][2]["list_product_trademark"]="ALWAYS";
tc_vars["list_products"][2]["list_product_url_page"]="http://www.refonte.auchandirect.fr/detailproduit/492/58579";
tc_vars["list_products"][2]["list_product_url_picture"]="http://www.refonte.auchandirect.fr/static/images/products/detail/58579.jpg";
tc_vars["list_products"][2]["list_product_isbundle"]="N";
tc_vars["list_products"][2]["list_product_breadcrumb_id"]="492";
tc_vars["list_products"][2]["list_product_breadcrumb_label"]="Corps";
tc_vars["list_products"][2]["list_product_rating"]="";
tc_vars["list_products"][2]["list_product_instock"]="N";
tc_vars["list_products"][2]["list_product_totalprice_tf"]="2.49€"
tc_vars["list_products"][2]["list_product_trademark"]="ALWAYS"

tc_vars["list_products"][3] = new Array();
tc_vars["list_products"][3]["list_product_id"]="58559";
tc_vars["list_products"][3]["list_product_id_cug"]="60298";
tc_vars["list_products"][3]["list_product_id_upsell1"]="";
tc_vars["list_products"][3]["list_product_id_upsell2"]="";
tc_vars["list_products"][3]["list_product_id_upsell3"]="";
tc_vars["list_products"][3]["list_product_id_crossell1"]="";
tc_vars["list_products"][3]["list_product_id_crossell2"]="";
tc_vars["list_products"][3]["list_product_id_crossell3"]="";
tc_vars["list_products"][3]["list_product_name"]="Serviettes hygiéniques avec protèges-côtés flux Long plus";
tc_vars["list_products"][3]["list_product_unitprice_ati"]="2.37€";
tc_vars["list_products"][3]["list_product_discount_ati"]="0.00€";
tc_vars["list_products"][3]["list_product_unitprice_tf"]="2.37€";
tc_vars["list_products"][3]["list_product_currency"]="EUR";
tc_vars["list_products"][3]["list_product_trademark"]="ALWAYS";
tc_vars["list_products"][3]["list_product_url_page"]="http://www.refonte.auchandirect.fr/detailproduit/492/60298";
tc_vars["list_products"][3]["list_product_url_picture"]="http://www.refonte.auchandirect.fr/static/images/products/detail/60298.jpg";
tc_vars["list_products"][3]["list_product_isbundle"]="N";
tc_vars["list_products"][3]["list_product_breadcrumb_id"]="492";
tc_vars["list_products"][3]["list_product_breadcrumb_label"]="Corps";
tc_vars["list_products"][3]["list_product_rating"]="";
tc_vars["list_products"][3]["list_product_instock"]="N";
tc_vars["list_products"][3]["list_product_totalprice_tf"]="2.37€"
tc_vars["list_products"][3]["list_product_trademark"]="ALWAYS"

tc_vars["list_products"][4] = new Array();
tc_vars["list_products"][4]["list_product_id"]="56697";
tc_vars["list_products"][4]["list_product_id_cug"]="40961";
tc_vars["list_products"][4]["list_product_id_upsell1"]="";
tc_vars["list_products"][4]["list_product_id_upsell2"]="";
tc_vars["list_products"][4]["list_product_id_upsell3"]="";
tc_vars["list_products"][4]["list_product_id_crossell1"]="";
tc_vars["list_products"][4]["list_product_id_crossell2"]="";
tc_vars["list_products"][4]["list_product_id_crossell3"]="";
tc_vars["list_products"][4]["list_product_name"]="Serviettes hygiéniques spécial nuit";
tc_vars["list_products"][4]["list_product_unitprice_ati"]="2.11€";
tc_vars["list_products"][4]["list_product_discount_ati"]="0.00€";
tc_vars["list_products"][4]["list_product_unitprice_tf"]="2.11€";
tc_vars["list_products"][4]["list_product_currency"]="EUR";
tc_vars["list_products"][4]["list_product_trademark"]="ALWAYS";
tc_vars["list_products"][4]["list_product_url_page"]="http://www.refonte.auchandirect.fr/detailproduit/492/40961";
tc_vars["list_products"][4]["list_product_url_picture"]="http://www.refonte.auchandirect.fr/static/images/products/detail/40961.jpg";
tc_vars["list_products"][4]["list_product_isbundle"]="N";
tc_vars["list_products"][4]["list_product_breadcrumb_id"]="492";
tc_vars["list_products"][4]["list_product_breadcrumb_label"]="Corps";
tc_vars["list_products"][4]["list_product_rating"]="";
tc_vars["list_products"][4]["list_product_instock"]="Y";
tc_vars["list_products"][4]["list_product_totalprice_tf"]="2.11€"
tc_vars["list_products"][4]["list_product_trademark"]="ALWAYS"

/* Partie Recherche */
tc_vars["search_keywords"]="";
tc_vars["search_page_number"]="";
tc_vars["search_results_number"]="";
tc_vars["search_filters"]="";
</script><script src="http://www.refonte.auchandirect.fr/static/scripts/tc_AuchanDirect_1.js" type="text/javascript"></script><NOSCRIPT><IFRAME height="1" width="1" src="http://redirect234.tagcommander.com/utils/noscript.php?id=1&amp;mode=iframe"></IFRAME></NOSCRIPT></div><div class="float-container" id="content"><div class="top-content float-container"><div class="main-content"><div class="float-container" id="breadcrumb"><div id="breadcrumb-container"><form onsubmit="javascript:Tapestry.waitForPage(event);" action="http://www.refonte.auchandirect.fr/rayon.breadcrumbcategory.breadselectform" method="post" id="breadSelectForm" name="breadSelectForm"><div class="t-invisible"><input value="492" name="t:ac" type="hidden"></input><input value="H4sIAAAAAAAAAFvzloG1XJ5BNiixMj/PKqkoNTEluag0Nyk5sSQ1Pb+oUi8nP7+guIhBL78oXS+xIDE5I1WvJLEgtbikqNJULzm/KDUnMwlI5xbk56XmlRTr+QDVq5jq+p+8pslQfZKJgaGigPrmG0Y+Wfs5bfvlhUSb70eS+UFAeaBUcAnQFLei/NxgEC/FOScTqCQsMac0VXf6oSsdDAp/mRgYfRi4kxESJQxCPlmJZYn6OYl56frBJUWZeenWFQUlDG5AO/QSS/KLy/OLclJyMvNS9Yoy9RJLkzMS8/RSMotSk0v00ory80r0UhJLEvWcQD5xBvkkJD87Nc/B3CTRIsXUMon6YWnyqSBN011stT2N4srMQOCDRdySHluw+QB8YyjIcAIAAA==" name="t:formdata" type="hidden"></input></div><p class="menu-horizontal"><a href="../../../loadswitcher.html">Accueil</a> &gt;
</p><input style="display:none;" id="breadSelectFormSubmit" type="submit"></input></form></div></div><!-- zone edit - Bannière haute --><div class="zone-admin diff-zone"></div><!-- DEBUT DE LA BARRE TITRE --><!-- div id="wrap-liste-produits-nav" class="">
						<div id="liste-produits-nav" class="clear-container float-container">
					
							
							
							<div id="liste-produits-tri" class="float-container">
							
							<div class="titre-produits">
								<h2>
									<span class="titre-principal">
										<t:outputraw value="categoryTitle" />
									</span>
									<span class="titre-secondaire"> ${nbProductsMsg}</span>
								</h2>
							</div>
							
							<t:zone t:id="headerListZone" t:update="show">
							<form t:type="form" t:id="sortForm" t:zone="productListZone" t:autofocus="false">
							<p class="liste-produits-choix-affichage" t:type="zone" t:update="show" id="productDisplayTypeZone">
									<p class="liste-produits-choix-affichage">
										<select t:type="select" t:id="sort" class="form-select" t:blankOption="NEVER" onChange="document.getElementById('sortBySubmit').click();" />
										<input type="submit" id="sortBySubmit" style="display:none;" />
										
										<a t:type="actionlink" t:id="list" t:zone="productListZone" class="bt-liste ${pdtDisplayListStyle}">${message:category.display.type.list}</a>
										<a t:type="actionlink" t:id="thumbnail" t:zone="productListZone" class="bt-grille ${pdtDisplayGridStyle}">${message:category.display.type.thumbnail}</a>
									</p>
								</p>
								</form>
								
								</t:zone>
								
								
							</div>
							
							<ul t:type="zone" id="labelZone" t:update="show" class="liste-produits-menu menu menu-horizontal clear-container">
								<t:delegate to="labelBlock" / --><!-- liste des capsules de tri (marques) --><!-- t:block t:id="labelBlock">
									
									<li class="item">
									<t:if test="isAllSubCatActive">
											<a class="active">${message:category.sub.all}</a>
										<p:else>
											<a t:type="actionlink" t:zone="labelZone" t:id="showAll">${message:category.sub.all}</a>
										</p:else>
									</t:if>
									</li>	
										
									<t:if test="specificCategory">
										<t:loop source="categoriesAll" value="cat">
											<li class="item">
												<t:if test="isCatDisable">
													<a class="non_active">${cat.label}</a>
												<p:else>
													<t:if test="isCatActive">
														<a class="active">${cat.label}</a>
													<p:else>
														<a t:type="actionlink" t:zone="labelZone" t:id="viewCat" t:context="cat.shelfId">${cat.label}</a>
													</p:else>
													</t:if>
												</p:else>
												</t:if>
											</li>
										</t:loop>
									</t:if>	
										
									<t:unless test="specificCategory">
										<t:loop source="subCategories" value="subCat">
											<li class="item">
												<t:if test="isSubCatDisable">
													<a class="non_active">${subCat.label}</a>
												<p:else>
													<t:if test="isSubCatActive">
														<a class="active">${subCat.label}</a>
													<p:else>
														<a t:type="actionlink" t:zone="labelZone" t:id="viewSubCat" t:context="subCat.shelfId">${subCat.label}</a>
													</p:else>
													</t:if>
												</p:else>
												</t:if>
											</li>
										</t:loop>
										
										<t:if test="hasBioFilter">
											<li class="bio">
												<a t:type="actionlink" t:zone="labelZone" t:id="bioLabel">${message:category.label.bio}</a>
											</li>
										</t:if>
										
									</t:unless>
									
								<t:if test="showPromo">
									<t:if test="isPromoCatActive">
										<li class="item caseprom">
											<a class="menu-top-promos activo" title="promos">${message:specificcategory.promotions}</a>
										</li>
									<p:else>
										<li class="item">
											<a class="menu-top-promos" title="promos" t:type="actionlink" t:zone="productListZone" t:id="filterPromos">${message:specificcategory.promotions}</a>
										</li>
									</p:else>
									</t:if>
									<p:else>
										<t:if test="isNotPromoPage">
											<li class="item">
												<a class="non_active" title="promos">${message:specificcategory.promotions}</a>
											</li>
										</t:if>
									</p:else>
								</t:if>
								
								<t:if test="showNews">
									<t:if test="isNewsCatActive">
										<li class="item">
											<a class="menu-top-nouveautes activon" title="nouveautes">${message:specificcategory.news}</a>
										</li>
									<p:else>
										<li class="item">
											<a class="menu-top-nouveautes" title="nouveautes" t:type="actionlink" t:zone="productListZone" t:id="filterNews">${message:specificcategory.news}</a>
										</li>
									</p:else>
									</t:if>
									<p:else>
										<t:if test="isNotNewsPage">
											<li class="item">
												<a class="non_active" title="nouveautes">${message:specificcategory.news}</a>
											</li>
										</t:if>
									</p:else>
								</t:if>
								
								<t:if test="showPdtAuchan">
									<t:if test="isAuchanCatActive">
										<li class="item">
											<a class="menu-top-produits-auchan activen" title="produits Auchan">${message:specificcategory.retailer_brand}</a>
										</li>
										<p:else>
											<li class="item">
												<a class="menu-top-produits-auchan" title="produits Auchan" t:type="actionlink" t:zone="productListZone" t:id="filterAuchan">${message:specificcategory.retailer_brand}</a>
											</li>
										</p:else>
									</t:if>
									<p:else>
										<t:if test="isNotAuchanPage">
											<li class="item">
												<a class="non_active" title="produits Auchan">${message:specificcategory.retailer_brand}</a>
											</li>
										</t:if>
									</p:else>
								</t:if>
								</t:block>
						</ul>
						</div>
						
						<div class="clear"></div>
						
						<t:zone t:id="moreProductListZone" t:update="show">
						<t:if test="!specificCategory">
								<t:if test="brands">
										<t:if test="isBrandFilterExpanded">
											<p class="link_hide_marque" style="display: block;">
											<a t:type="actionlink" t:zone="labelZone" t:id="hideAllBrands" title="${message:category.brands.hide.title}">${maskAllBrandsLink}</a>
											<img src="/static/images/down_arrow.png" />
											</p>
											
												<ul id="" class="liste-produits-menu menu menu-horizontal clear-container marques_liste" style="display: block;">
													<t:loop source="brands" value="brand">
														<li class="item">
															<t:if test="isBrandDisable">
																<a class="non_active">${brand}</a>
															<p:else>
																<t:if test="isBrandActive">
																	<a class="active">${brand}</a>
																<p:else>
																	<a t:type="actionlink" t:zone="labelZone" t:id="viewBrand" t:context="brand">${brand}</a>
																</p:else>
																</t:if>
															</p:else>
															</t:if>
														</li>
													</t:loop>
												</ul>
											
										<p:else>
											<p class="link_show_marque" style="display: block;">
											<a t:type="actionlink" t:zone="labelZone" t:id="viewAllBrands" title="${viewAllBrandsTitle}">${viewAllBrandsLink}</a>
											<img src="/static/images/down_arrow.png" />
											</p>
										</p:else>
										</t:if>
								</t:if>
							</t:if>
						</t:zone>
						
						</div --><!-- FIN DE LA BARRE TITRE --><div><!-- ***************** DEBUT DU BLOC TITRE ***************** --><div class="" id="wrap-liste-produits-nav"><div class="clear-container float-container" id="liste-produits-nav"><div class="float-container" id="liste-produits-tri"><div class="titre-produits"><h1><span class="titre-principal">Corps</span><span class="titre-secondaire"> - 276 produits</span></h1></div><div class="t-zone" id="headerListZone"><form onsubmit="javascript:Tapestry.waitForPage(event);" action="http://www.refonte.auchandirect.fr/rayon.productgridorlist.sortform" method="post" id="sortForm" name="sortForm"><div class="t-invisible"><input value="492" name="t:ac" type="hidden"></input><input value="H4sIAAAAAAAAAJXOMZJBQRCA4aaIZKpkWxuRjoTERhKR2lJeOUC/eeMZNaanuvvtchknUC4hkLnDHmBTkQA3IP2T/zv8Q/P3Ez7muKM4SkxFZbVkXxAHL2qEWIVhSFwaTGhXzigmJ8q7obHELvjc5CjOjPNHRKsT70LRzZxWqbc4tf4651sdalNoWYrKFL5x4xTa0zX+YD9gLPuZso/l1zYpNJ6/Fzzjdz0zJutEsirfeBFP8XQsBsvr/lIH2KY7aUKP/AYBAAA=" name="t:formdata" type="hidden"></input></div><p class="liste-produits-choix-affichage t-zone" id="productDisplayTypeZone"><p class="liste-produits-choix-affichage"><select onChange="document.getElementById('sortBySubmit').click();" class="form-select" id="sort" name="sort"><option selected="selected" value="MARQUE_ASC">Trier par marque A-Z</option><option value="MARQUE_DESC">Trier par marque Z-A</option><option value="PRICE_ASC">Trier du moins cher au plus cher</option><option value="PRICE_DESC">Trier du plus cher au moins cher</option><option value="PRICEQTE_ASC">Trier par prix/quantité croissant</option><option value="PRICEQTE_DESC">Trier par prix/quantité décroissant</option></select><img id="sort-icon" class="t-error-icon t-invisible" alt="" src="http://www.refonte.auchandirect.fr/assets/tapestry/5.1.0.5/spacer.gif"/><input style="display: none;" id="sortBySubmit" type="submit"></input><a id="list" onclick="javascript:Tapestry.waitForPage(event);" class="bt-liste " href="http://www.refonte.auchandirect.fr/rayon.productgridorlist.list?t:ac=492">en liste</a><a id="thumbnail" onclick="javascript:Tapestry.waitForPage(event);" class="bt-grille active" href="http://www.refonte.auchandirect.fr/rayon.productgridorlist.thumbnail?t:ac=492">en grille</a></p></p></form></div></div><ul class="liste-produits-menu menu menu-horizontal clear-container t-zone" id="labelZone"><li class="item"><a class="active">TOUS</a></li><li class="item"><a id="viewSubCat" onclick="javascript:Tapestry.waitForPage(event);" href="http://www.refonte.auchandirect.fr/rayon.productgridorlist.viewsubcat/746?t:ac=492">Douche, Bain</a></li><li class="item"><a id="viewSubCat_0" onclick="javascript:Tapestry.waitForPage(event);" href="http://www.refonte.auchandirect.fr/rayon.productgridorlist.viewsubcat/748?t:ac=492">Savons</a></li><li class="item"><a id="viewSubCat_1" onclick="javascript:Tapestry.waitForPage(event);" href="http://www.refonte.auchandirect.fr/rayon.productgridorlist.viewsubcat/744?t:ac=492">Déodorants</a></li><li class="item"><a id="viewSubCat_2" onclick="javascript:Tapestry.waitForPage(event);" href="http://www.refonte.auchandirect.fr/rayon.productgridorlist.viewsubcat/745?t:ac=492">Crèmes, Soins du Corps</a></li><li class="item"><a id="viewSubCat_3" onclick="javascript:Tapestry.waitForPage(event);" href="http://www.refonte.auchandirect.fr/rayon.productgridorlist.viewsubcat/751?t:ac=492">Soins Mains, Pieds</a></li><li class="item"><a id="viewSubCat_4" onclick="javascript:Tapestry.waitForPage(event);" href="http://www.refonte.auchandirect.fr/rayon.productgridorlist.viewsubcat/750?t:ac=492">Epilation Féminine</a></li><li class="item"><a id="viewSubCat_5" onclick="javascript:Tapestry.waitForPage(event);" href="http://www.refonte.auchandirect.fr/rayon.productgridorlist.viewsubcat/749?t:ac=492">Hygiène intime</a></li><li class="item"><a id="viewSubCat_6" onclick="javascript:Tapestry.waitForPage(event);" href="http://www.refonte.auchandirect.fr/rayon.productgridorlist.viewsubcat/754?t:ac=492">Solaires</a></li><li class="item"><a id="filterPromos" onclick="javascript:Tapestry.waitForPage(event);" title="promos" class="menu-top-promos" href="http://www.refonte.auchandirect.fr/rayon.productgridorlist.filterpromos?t:ac=492">Promotions</a></li><li class="item"><a id="filterNews" onclick="javascript:Tapestry.waitForPage(event);" title="nouveautes" class="menu-top-nouveautes" href="http://www.refonte.auchandirect.fr/rayon.productgridorlist.filternews?t:ac=492">Nouveautés</a></li><li class="item"><a id="filterAuchan" onclick="javascript:Tapestry.waitForPage(event);" title="produits Auchan" class="menu-top-produits-auchan" href="http://www.refonte.auchandirect.fr/rayon.productgridorlist.filterauchan?t:ac=492">Produits Auchan</a></li><!-- liste des capsules de tri (marques) --></ul></div><div class="clear"></div><div class="t-zone" id="moreProductListZone"><p style="display: block;" class="link_show_marque"><a id="viewAllBrands" onclick="javascript:Tapestry.waitForPage(event);" title="Voir les 42 éléments supplémentaires" href="http://www.refonte.auchandirect.fr/rayon.productgridorlist.viewallbrands?t:ac=492">Afficher les 42 marques</a><img src="http://www.refonte.auchandirect.fr/static/images/down_arrow.png"/></p></div></div><!-- ***************** FIN DU BLOC TITRE ***************** --><div class="t-zone" id="productListZone"><div class="liste clear-container" id="liste-produits-grille"><table><tr><td><!-- PL : ici --><div class="bloc-produit  bientot-dispo"><div class="bloc-produit-content"><a title="Voir le produit" href="http://www.refonte.auchandirect.fr/hygiène-beauté/corps/protèges-slip-flux-normal/id1/492/60679"><img src="http://www.refonte.auchandirect.fr/static/images/products/line/60679.jpg" alt="" class="produit "/></a><div class="picto"><span class="invisible"></span></div><div class="boutons-produit"><a class="bt-produit-ajout-panier disable" title="Bientôt disponible" href="javascript:void(0)">Bientôt disponible</a><a id="addProductToShoppingList" onclick="javascript:Tapestry.waitForPage(event);" title="Ajouter à ma liste" class="bt-produit-ajout-liste" href="http://www.refonte.auchandirect.fr/rayon.productgridorlist.productlist_1.thumbnailproduct_0.addproducttoshoppinglist/60679?t:ac=492">Ajouter à ma liste</a></div><div class="infos-produit-1"><div class="prix-actuel"><span>2.89€</span></div></div><div class="infos-produit-2"><a title="Voir le produit" href="http://www.refonte.auchandirect.fr/hygiène-beauté/corps/protèges-slip-flux-normal/id1/492/60679"><h2>ALWAYS</h2><h4>Protèges-slip flux normal</h4><h4>Freshness</h4><p>
30 pièces
<br/>
0.10€/pièce
</p></a></div><div class="mini_picto_bas"></div></div></div></td><td><!-- PL : ici --><div class="bloc-produit "><div class="bloc-produit-content"><a title="Voir le produit" href="http://www.refonte.auchandirect.fr/hygiène-beauté/corps/protèges-slip/id1/492/60241"><img src="http://www.refonte.auchandirect.fr/static/images/products/line/60241.jpg" alt="" class="produit "/></a><div class="picto"><span class="invisible"></span></div><div class="boutons-produit"><a id="addProductToBasket" onclick="javascript:Tapestry.waitForPage(event);" title="Ajouter au panier" class="bt-produit-ajout-panier" href="http://www.refonte.auchandirect.fr/rayon.productgridorlist.productlist_1.thumbnailproduct_0.addproducttobasket/60241?t:ac=492">Ajouter au panier</a><a id="addProductToShoppingList_0" onclick="javascript:Tapestry.waitForPage(event);" title="Ajouter à ma liste" class="bt-produit-ajout-liste" href="http://www.refonte.auchandirect.fr/rayon.productgridorlist.productlist_1.thumbnailproduct_0.addproducttoshoppinglist/60241?t:ac=492">Ajouter à ma liste</a></div><div class="infos-produit-1"><div class="prix-actuel"><span>2.26€</span></div></div><div class="infos-produit-2"><a title="Voir le produit" href="http://www.refonte.auchandirect.fr/hygiène-beauté/corps/protèges-slip/id1/492/60241"><h2>ALWAYS</h2><h4>Protèges-slip</h4><h4>Normal</h4><p>
30 pièces
<br/>
0.08€/pièce
</p></a></div><div class="mini_picto_bas"></div></div></div></td><td><!-- PL : ici --><div class="bloc-produit  bientot-dispo"><div class="bloc-produit-content"><a title="Voir le produit" href="http://www.refonte.auchandirect.fr/hygiène-beauté/corps/protèges-slip/id1/492/58579"><img src="http://www.refonte.auchandirect.fr/static/images/products/line/58579.jpg" alt="" class="produit "/></a><div class="picto"><span class="invisible"></span></div><div class="boutons-produit"><a class="bt-produit-ajout-panier disable" title="Bientôt disponible" href="javascript:void(0)">Bientôt disponible</a><a id="addProductToShoppingList_1" onclick="javascript:Tapestry.waitForPage(event);" title="Ajouter à ma liste" class="bt-produit-ajout-liste" href="http://www.refonte.auchandirect.fr/rayon.productgridorlist.productlist_1.thumbnailproduct_0.addproducttoshoppinglist/58579?t:ac=492">Ajouter à ma liste</a></div><div class="infos-produit-1"><div class="prix-actuel"><span>2.49€</span></div></div><div class="infos-produit-2"><a title="Voir le produit" href="http://www.refonte.auchandirect.fr/hygiène-beauté/corps/protèges-slip/id1/492/58579"><h2>ALWAYS</h2><h4>Protèges-slip</h4><h4>Large</h4><p>
26 pièces
<br/>
0.10€/pièce
</p></a></div><div class="mini_picto_bas"></div></div></div></td></tr><tr><td><!-- PL : ici --><div class="bloc-produit  bientot-dispo"><div class="bloc-produit-content"><a title="Voir le produit" href="http://www.refonte.auchandirect.fr/hygiène-beauté/corps/serviettes-hygiéniques-avec-protèges-côtés-flux-long-plus/id1/492/60298"><img src="http://www.refonte.auchandirect.fr/static/images/products/line/60298.jpg" alt="" class="produit "/></a><div class="picto"><span class="invisible"></span></div><div class="boutons-produit"><a class="bt-produit-ajout-panier disable" title="Bientôt disponible" href="javascript:void(0)">Bientôt disponible</a><a id="addProductToShoppingList_2" onclick="javascript:Tapestry.waitForPage(event);" title="Ajouter à ma liste" class="bt-produit-ajout-liste" href="http://www.refonte.auchandirect.fr/rayon.productgridorlist.productlist_1.thumbnailproduct_0.addproducttoshoppinglist/60298?t:ac=492">Ajouter à ma liste</a></div><div class="infos-produit-1"><div class="prix-actuel"><span>2.37€</span></div></div><div class="infos-produit-2"><a title="Voir le produit" href="http://www.refonte.auchandirect.fr/hygiène-beauté/corps/serviettes-hygiéniques-avec-protèges-côtés-flux-long-plus/id1/492/60298"><h2>ALWAYS</h2><h4>Serviettes hygiéniques avec protèges-côtés flux Long plus</h4><h4>Maxi</h4><p>
15 pièces
<br/>
0.16€/pièce
</p></a></div><div class="mini_picto_bas"></div></div></div></td><td><!-- PL : ici --><div class="bloc-produit "><div class="bloc-produit-content"><a title="Voir le produit" href="http://www.refonte.auchandirect.fr/hygiène-beauté/corps/serviettes-hygiéniques-spécial-nuit/id1/492/40961"><img src="http://www.refonte.auchandirect.fr/static/images/products/line/40961.jpg" alt="" class="produit "/></a><div class="picto"><span class="invisible"></span></div><div class="boutons-produit"><a id="addProductToBasket_0" onclick="javascript:Tapestry.waitForPage(event);" title="Ajouter au panier" class="bt-produit-ajout-panier" href="http://www.refonte.auchandirect.fr/rayon.productgridorlist.productlist_1.thumbnailproduct_0.addproducttobasket/40961?t:ac=492">Ajouter au panier</a><a id="addProductToShoppingList_3" onclick="javascript:Tapestry.waitForPage(event);" title="Ajouter à ma liste" class="bt-produit-ajout-liste" href="http://www.refonte.auchandirect.fr/rayon.productgridorlist.productlist_1.thumbnailproduct_0.addproducttoshoppinglist/40961?t:ac=492">Ajouter à ma liste</a></div><div class="infos-produit-1"><div class="prix-actuel"><span>2.11€</span></div></div><div class="infos-produit-2"><a title="Voir le produit" href="http://www.refonte.auchandirect.fr/hygiène-beauté/corps/serviettes-hygiéniques-spécial-nuit/id1/492/40961"><h2>ALWAYS</h2><h4>Serviettes hygiéniques spécial nuit</h4><h4>Maxi</h4><p>
12 pièces
<br/>
0.18€/pièce
</p></a></div><div class="mini_picto_bas"></div></div></div></td><td><!-- PL : ici --><div class="bloc-produit "><div class="bloc-produit-content"><a title="Voir le produit" href="http://www.refonte.auchandirect.fr/hygiène-beauté/corps/normal-plus-x14-avec-lingettes-intégrées-et-protèges-côtés/id1/492/34878"><img src="http://www.refonte.auchandirect.fr/static/images/products/line/34878.jpg" alt="" class="produit "/></a><div class="picto"><span class="invisible"></span></div><div class="boutons-produit"><a id="addProductToBasket_1" onclick="javascript:Tapestry.waitForPage(event);" title="Ajouter au panier" class="bt-produit-ajout-panier" href="http://www.refonte.auchandirect.fr/rayon.productgridorlist.productlist_1.thumbnailproduct_0.addproducttobasket/34878?t:ac=492">Ajouter au panier</a><a id="addProductToShoppingList_4" onclick="javascript:Tapestry.waitForPage(event);" title="Ajouter à ma liste" class="bt-produit-ajout-liste" href="http://www.refonte.auchandirect.fr/rayon.productgridorlist.productlist_1.thumbnailproduct_0.addproducttoshoppinglist/34878?t:ac=492">Ajouter à ma liste</a></div><div class="infos-produit-1"><div class="prix-actuel"><span>3.46€</span></div></div><div class="infos-produit-2"><a title="Voir le produit" href="http://www.refonte.auchandirect.fr/hygiène-beauté/corps/normal-plus-x14-avec-lingettes-intégrées-et-protèges-côtés/id1/492/34878"><h2>ALWAYS</h2><h4>Normal Plus x14 avec lingettes intégrées et protèges-côtés</h4><h4>Ultra &amp; Freshelle</h4><p>

<br/>
0.25€/pièce
</p></a></div><div class="mini_picto_bas"></div></div></div></td></tr><tr><td><!-- PL : ici --><div class="bloc-produit  bientot-dispo"><div class="bloc-produit-content"><a title="Voir le produit" href="http://www.refonte.auchandirect.fr/hygiène-beauté/corps/serviettes-hygiéniques-flux-long/id1/492/2010"><img src="http://www.refonte.auchandirect.fr/static/images/products/line/2010.jpg" alt="" class="produit "/></a><div class="picto"><span class="invisible"></span></div><div class="boutons-produit"><a class="bt-produit-ajout-panier disable" title="Bientôt disponible" href="javascript:void(0)">Bientôt disponible</a><a id="addProductToShoppingList_5" onclick="javascript:Tapestry.waitForPage(event);" title="Ajouter à ma liste" class="bt-produit-ajout-liste" href="http://www.refonte.auchandirect.fr/rayon.productgridorlist.productlist_1.thumbnailproduct_0.addproducttoshoppinglist/2010?t:ac=492">Ajouter à ma liste</a></div><div class="infos-produit-1"><div class="prix-actuel"><span>2.68€</span></div></div><div class="infos-produit-2"><a title="Voir le produit" href="http://www.refonte.auchandirect.fr/hygiène-beauté/corps/serviettes-hygiéniques-flux-long/id1/492/2010"><h2>ALWAYS</h2><h4>Serviettes hygiéniques flux Long</h4><h4>Ultra</h4><p>
14 pièces
<br/>
0.19€/pièce
</p></a></div><div class="mini_picto_bas"></div></div></div></td><td><!-- PL : ici --><div class="bloc-produit  bientot-dispo"><div class="bloc-produit-content"><a title="Voir le produit" href="http://www.refonte.auchandirect.fr/hygiène-beauté/corps/serviettes-hygiéniques-avec-protèges-côtés-flux-normal-plus/id1/492/100340"><img src="http://www.refonte.auchandirect.fr/static/images/products/line/100340.jpg" alt="" class="produit "/></a><div class="picto"><span class="invisible"></span></div><div class="boutons-produit"><a class="bt-produit-ajout-panier disable" title="Bientôt disponible" href="javascript:void(0)">Bientôt disponible</a><a id="addProductToShoppingList_6" onclick="javascript:Tapestry.waitForPage(event);" title="Ajouter à ma liste" class="bt-produit-ajout-liste" href="http://www.refonte.auchandirect.fr/rayon.productgridorlist.productlist_1.thumbnailproduct_0.addproducttoshoppinglist/100340?t:ac=492">Ajouter à ma liste</a></div><div class="infos-produit-1"><div class="prix-actuel"><span>2.17€</span></div></div><div class="infos-produit-2"><a title="Voir le produit" href="http://www.refonte.auchandirect.fr/hygiène-beauté/corps/serviettes-hygiéniques-avec-protèges-côtés-flux-normal-plus/id1/492/100340"><h2>ALWAYS</h2><h4>Serviettes hygiéniques avec protèges côtés flux Normal plus</h4><h4>Ultra</h4><p>
14 pièces
<br/>
0.16€/pièce
</p></a></div><div class="mini_picto_bas"></div></div></div></td><td><!-- PL : ici --><div class="bloc-produit  bientot-dispo"><div class="bloc-produit-content"><a title="Voir le produit" href="http://www.refonte.auchandirect.fr/hygiène-beauté/corps/serviettes-hygiéniques-flux-normal/id1/492/100338"><img src="http://www.refonte.auchandirect.fr/static/images/products/line/100338.jpg" alt="" class="produit "/></a><div class="picto"><span class="invisible"></span></div><div class="boutons-produit"><a class="bt-produit-ajout-panier disable" title="Bientôt disponible" href="javascript:void(0)">Bientôt disponible</a><a id="addProductToShoppingList_7" onclick="javascript:Tapestry.waitForPage(event);" title="Ajouter à ma liste" class="bt-produit-ajout-liste" href="http://www.refonte.auchandirect.fr/rayon.productgridorlist.productlist_1.thumbnailproduct_0.addproducttoshoppinglist/100338?t:ac=492">Ajouter à ma liste</a></div><div class="infos-produit-1"><div class="prix-actuel"><span>2.45€</span></div></div><div class="infos-produit-2"><a title="Voir le produit" href="http://www.refonte.auchandirect.fr/hygiène-beauté/corps/serviettes-hygiéniques-flux-normal/id1/492/100338"><h2>ALWAYS</h2><h4>Serviettes hygiéniques flux Normal</h4><h4>Ultra</h4><p>
16 pièces
<br/>
0.15€/pièce
</p></a></div><div class="mini_picto_bas"></div></div></div></td></tr><tr><td><!-- PL : ici --><div class="bloc-produit  bientot-dispo"><div class="bloc-produit-content"><a title="Voir le produit" href="http://www.refonte.auchandirect.fr/hygiène-beauté/corps/serviettes-hygiéniques-avec-protèges-côtés-spécial-nuit/id1/492/101083"><img src="http://www.refonte.auchandirect.fr/static/images/products/line/101083.jpg" alt="" class="produit "/></a><div class="picto"><span class="invisible"></span></div><div class="boutons-produit"><a class="bt-produit-ajout-panier disable" title="Bientôt disponible" href="javascript:void(0)">Bientôt disponible</a><a id="addProductToShoppingList_8" onclick="javascript:Tapestry.waitForPage(event);" title="Ajouter à ma liste" class="bt-produit-ajout-liste" href="http://www.refonte.auchandirect.fr/rayon.productgridorlist.productlist_1.thumbnailproduct_0.addproducttoshoppinglist/101083?t:ac=492">Ajouter à ma liste</a></div><div class="infos-produit-1"><div class="prix-actuel"><span>2.17€</span></div></div><div class="infos-produit-2"><a title="Voir le produit" href="http://www.refonte.auchandirect.fr/hygiène-beauté/corps/serviettes-hygiéniques-avec-protèges-côtés-spécial-nuit/id1/492/101083"><h2>ALWAYS</h2><h4>Serviettes hygiéniques avec protèges côtés spécial nuit</h4><h4>Ultra</h4><p>
10 pièces
<br/>
0.22€/pièce
</p></a></div><div class="mini_picto_bas"></div></div></div></td><td><!-- PL : ici --><div class="bloc-produit "><div class="bloc-produit-content"><a title="Voir le produit" href="http://www.refonte.auchandirect.fr/hygiène-beauté/corps/serviettes-hygiéniques-avec-protèges-côtés-flux-normal-plus/id1/492/91878"><img src="http://www.refonte.auchandirect.fr/static/images/products/line/91878.jpg" alt="" class="produit "/></a><div class="picto"><span class="invisible"></span></div><div class="boutons-produit"><a id="addProductToBasket_2" onclick="javascript:Tapestry.waitForPage(event);" title="Ajouter au panier" class="bt-produit-ajout-panier" href="http://www.refonte.auchandirect.fr/rayon.productgridorlist.productlist_1.thumbnailproduct_0.addproducttobasket/91878?t:ac=492">Ajouter au panier</a><a id="addProductToShoppingList_9" onclick="javascript:Tapestry.waitForPage(event);" title="Ajouter à ma liste" class="bt-produit-ajout-liste" href="http://www.refonte.auchandirect.fr/rayon.productgridorlist.productlist_1.thumbnailproduct_0.addproducttoshoppinglist/91878?t:ac=492">Ajouter à ma liste</a></div><div class="infos-produit-1"><div class="prix-actuel"><span>5.07€</span></div></div><div class="infos-produit-2"><a title="Voir le produit" href="http://www.refonte.auchandirect.fr/hygiène-beauté/corps/serviettes-hygiéniques-avec-protèges-côtés-flux-normal-plus/id1/492/91878"><h2>ALWAYS</h2><h4>Serviettes hygiéniques  avec protèges-côtés flux Normal plus</h4><h4>Ultra</h4><p>
24 pièces
<br/>
0.18€/pièce
</p></a></div><div class="mini_picto_bas"></div></div></div></td><td><!-- PL : ici --><div class="bloc-produit "><div class="bloc-produit-content"><a title="Voir le produit" href="http://www.refonte.auchandirect.fr/hygiène-beauté/corps/serviettes-hygiéniques-avec-protèges-côtés-flux-long-plus/id1/492/91235"><img src="http://www.refonte.auchandirect.fr/static/images/products/line/91235.jpg" alt="" class="produit "/></a><div class="picto"><span class="invisible"></span></div><div class="boutons-produit"><a id="addProductToBasket_3" onclick="javascript:Tapestry.waitForPage(event);" title="Ajouter au panier" class="bt-produit-ajout-panier" href="http://www.refonte.auchandirect.fr/rayon.productgridorlist.productlist_1.thumbnailproduct_0.addproducttobasket/91235?t:ac=492">Ajouter au panier</a><a id="addProductToShoppingList_10" onclick="javascript:Tapestry.waitForPage(event);" title="Ajouter à ma liste" class="bt-produit-ajout-liste" href="http://www.refonte.auchandirect.fr/rayon.productgridorlist.productlist_1.thumbnailproduct_0.addproducttoshoppinglist/91235?t:ac=492">Ajouter à ma liste</a></div><div class="infos-produit-1"><div class="prix-actuel"><span>5.02€</span></div></div><div class="infos-produit-2"><a title="Voir le produit" href="http://www.refonte.auchandirect.fr/hygiène-beauté/corps/serviettes-hygiéniques-avec-protèges-côtés-flux-long-plus/id1/492/91235"><h2>ALWAYS</h2><h4>Serviettes hygiéniques avec protèges-côtés flux Long plus</h4><h4>Ultra</h4><p>
24 pièces
<br/>
0.21€/pièce
</p></a></div><div class="mini_picto_bas"></div></div></div></td></tr><tr><td><!-- PL : ici --><div class="bloc-produit promotion bientot-dispo"><div class="bloc-produit-content"><a title="Voir le produit" href="http://www.refonte.auchandirect.fr/hygiène-beauté/corps/serviettes-hygièniques/id1/492/70911"><img src="http://www.refonte.auchandirect.fr/static/images/products/line/70911.jpg" alt="" class="produit "/></a><div class="picto"><span class="invisible"></span></div><img src="http://www.refonte.auchandirect.fr/static/images/promo_small.png" class="ruban"/><div class="boutons-produit"><a class="bt-produit-ajout-panier disable" title="Bientôt disponible" href="javascript:void(0)">Bientôt disponible</a><a id="addProductToShoppingList_11" onclick="javascript:Tapestry.waitForPage(event);" title="Ajouter à ma liste" class="bt-produit-ajout-liste" href="http://www.refonte.auchandirect.fr/rayon.productgridorlist.productlist_1.thumbnailproduct_0.addproducttoshoppinglist/70911?t:ac=492">Ajouter à ma liste</a></div><div class="infos-produit-1"><div class="prix-actuel"><span>3.50€</span></div></div><div class="infos-produit-2"><a title="Voir le produit" href="http://www.refonte.auchandirect.fr/hygiène-beauté/corps/serviettes-hygièniques/id1/492/70911"><h2>ALWAYS</h2><h4>Serviettes hygièniques</h4><h4></h4><p>
2 x 10
<br/>
17.50€/pièce
</p></a></div><div class="mini_picto_bas"></div></div></div></td><td><!-- PL : ici --><div class="bloc-produit  bientot-dispo"><div class="bloc-produit-content"><a title="Voir le produit" href="http://www.refonte.auchandirect.fr/hygiène-beauté/corps/serviettes-hygiéniques-avec-protèges-côtés-flux-long-plus/id1/492/2011"><img src="http://www.refonte.auchandirect.fr/static/images/products/line/2011.jpg" alt="" class="produit "/></a><div class="picto"><span class="invisible"></span></div><div class="boutons-produit"><a class="bt-produit-ajout-panier disable" title="Bientôt disponible" href="javascript:void(0)">Bientôt disponible</a><a id="addProductToShoppingList_12" onclick="javascript:Tapestry.waitForPage(event);" title="Ajouter à ma liste" class="bt-produit-ajout-liste" href="http://www.refonte.auchandirect.fr/rayon.productgridorlist.productlist_1.thumbnailproduct_0.addproducttoshoppinglist/2011?t:ac=492">Ajouter à ma liste</a></div><div class="infos-produit-1"><div class="prix-actuel"><span>2.17€</span></div></div><div class="infos-produit-2"><a title="Voir le produit" href="http://www.refonte.auchandirect.fr/hygiène-beauté/corps/serviettes-hygiéniques-avec-protèges-côtés-flux-long-plus/id1/492/2011"><h2>ALWAYS</h2><h4>Serviettes hygiéniques avec protèges côtés flux Long plus</h4><h4>Ultra</h4><p>
12 pièces
<br/>
0.18€/pièce
</p></a></div><div class="mini_picto_bas"></div></div></div></td><td><!-- PL : ici --><div class="bloc-produit "><div class="bloc-produit-content"><a title="Voir le produit" href="http://www.refonte.auchandirect.fr/hygiène-beauté/papier,-parapharmacie/lait-hydratant-après-soleil/id1/494/16011"><img src="http://www.refonte.auchandirect.fr/static/images/products/line/16011.jpg" alt="" class="produit "/></a><div class="picto"><span class="invisible"></span></div><div class="boutons-produit"><a id="addProductToBasket_4" onclick="javascript:Tapestry.waitForPage(event);" title="Ajouter au panier" class="bt-produit-ajout-panier" href="http://www.refonte.auchandirect.fr/rayon.productgridorlist.productlist_1.thumbnailproduct_0.addproducttobasket/16011?t:ac=492">Ajouter au panier</a><a id="addProductToShoppingList_13" onclick="javascript:Tapestry.waitForPage(event);" title="Ajouter à ma liste" class="bt-produit-ajout-liste" href="http://www.refonte.auchandirect.fr/rayon.productgridorlist.productlist_1.thumbnailproduct_0.addproducttoshoppinglist/16011?t:ac=492">Ajouter à ma liste</a></div><div class="infos-produit-1"><div class="prix-actuel"><span>8.65€</span></div></div><div class="infos-produit-2"><a title="Voir le produit" href="http://www.refonte.auchandirect.fr/hygiène-beauté/papier,-parapharmacie/lait-hydratant-après-soleil/id1/494/16011"><h2>AMBRE SOLAIRE</h2><h4>Lait hydratant après-soleil</h4><h4></h4><p>
200 ml
<br/>
43.25€/l
</p></a></div><div class="mini_picto_bas"></div></div></div></td></tr><tr><td><!-- PL : ici --><div class="bloc-produit "><div class="bloc-produit-content"><a title="Voir le produit" href="http://www.refonte.auchandirect.fr/hygiène-beauté/papier,-parapharmacie/lait-réparateur-intensif/id1/494/16012"><img src="http://www.refonte.auchandirect.fr/static/images/products/line/16012.jpg" alt="" class="produit "/></a><div class="picto"><span class="invisible"></span></div><div class="boutons-produit"><a id="addProductToBasket_5" onclick="javascript:Tapestry.waitForPage(event);" title="Ajouter au panier" class="bt-produit-ajout-panier" href="http://www.refonte.auchandirect.fr/rayon.productgridorlist.productlist_1.thumbnailproduct_0.addproducttobasket/16012?t:ac=492">Ajouter au panier</a><a id="addProductToShoppingList_14" onclick="javascript:Tapestry.waitForPage(event);" title="Ajouter à ma liste" class="bt-produit-ajout-liste" href="http://www.refonte.auchandirect.fr/rayon.productgridorlist.productlist_1.thumbnailproduct_0.addproducttoshoppinglist/16012?t:ac=492">Ajouter à ma liste</a></div><div class="infos-produit-1"><div class="prix-actuel"><span>10.69€</span></div></div><div class="infos-produit-2"><a title="Voir le produit" href="http://www.refonte.auchandirect.fr/hygiène-beauté/papier,-parapharmacie/lait-réparateur-intensif/id1/494/16012"><h2>AMBRE SOLAIRE</h2><h4>Lait réparateur intensif</h4><h4></h4><p>
250 ml
<br/>
42.76€/l
</p></a></div><div class="mini_picto_bas"></div></div></div></td><td><!-- PL : ici --><div class="bloc-produit "><div class="bloc-produit-content"><a title="Voir le produit" href="http://www.refonte.auchandirect.fr/hygiène-beauté/papier,-parapharmacie/spray-protecteur-ultra-hydratant-ip-30/id1/494/16005"><img src="http://www.refonte.auchandirect.fr/static/images/products/line/16005.jpg" alt="" class="produit "/></a><div class="picto"><span class="invisible"></span></div><div class="boutons-produit"><a id="addProductToBasket_6" onclick="javascript:Tapestry.waitForPage(event);" title="Ajouter au panier" class="bt-produit-ajout-panier" href="http://www.refonte.auchandirect.fr/rayon.productgridorlist.productlist_1.thumbnailproduct_0.addproducttobasket/16005?t:ac=492">Ajouter au panier</a><a id="addProductToShoppingList_15" onclick="javascript:Tapestry.waitForPage(event);" title="Ajouter à ma liste" class="bt-produit-ajout-liste" href="http://www.refonte.auchandirect.fr/rayon.productgridorlist.productlist_1.thumbnailproduct_0.addproducttoshoppinglist/16005?t:ac=492">Ajouter à ma liste</a></div><div class="infos-produit-1"><div class="prix-actuel"><span>14.14€</span></div></div><div class="infos-produit-2"><a title="Voir le produit" href="http://www.refonte.auchandirect.fr/hygiène-beauté/papier,-parapharmacie/spray-protecteur-ultra-hydratant-ip-30/id1/494/16005"><h2>AMBRE SOLAIRE</h2><h4>Spray protecteur ultra-hydratant IP 30</h4><h4></h4><p>
200 ml
<br/>
56.56€/l
</p></a></div><div class="mini_picto_bas"></div></div></div></td><td><!-- PL : ici --><div class="bloc-produit "><div class="bloc-produit-content"><a title="Voir le produit" href="http://www.refonte.auchandirect.fr/hygiène-beauté/papier,-parapharmacie/spray-clear-protect-fps-10/id1/494/58552"><img src="http://www.refonte.auchandirect.fr/static/images/products/line/58552.jpg" alt="" class="produit "/></a><div class="picto"><span class="invisible"></span></div><div class="boutons-produit"><a id="addProductToBasket_7" onclick="javascript:Tapestry.waitForPage(event);" title="Ajouter au panier" class="bt-produit-ajout-panier" href="http://www.refonte.auchandirect.fr/rayon.productgridorlist.productlist_1.thumbnailproduct_0.addproducttobasket/58552?t:ac=492">Ajouter au panier</a><a id="addProductToShoppingList_16" onclick="javascript:Tapestry.waitForPage(event);" title="Ajouter à ma liste" class="bt-produit-ajout-liste" href="http://www.refonte.auchandirect.fr/rayon.productgridorlist.productlist_1.thumbnailproduct_0.addproducttoshoppinglist/58552?t:ac=492">Ajouter à ma liste</a></div><div class="infos-produit-1"><div class="prix-actuel"><span>12.17€</span></div></div><div class="infos-produit-2"><a title="Voir le produit" href="http://www.refonte.auchandirect.fr/hygiène-beauté/papier,-parapharmacie/spray-clear-protect-fps-10/id1/494/58552"><h2>AMBRE SOLAIRE</h2><h4>Spray clear protect FPS 10</h4><h4></h4><p>
210 ml
<br/>
60.85€/l
</p></a></div><div class="mini_picto_bas"></div></div></div></td></tr><tr><td><!-- PL : ici --><div class="bloc-produit "><div class="bloc-produit-content"><a title="Voir le produit" href="http://www.refonte.auchandirect.fr/hygiène-beauté/corps/lait-protecteur-fps-30/id1/492/95855"><img src="http://www.refonte.auchandirect.fr/static/images/products/line/95855.jpg" alt="" class="produit "/></a><div class="picto"><span class="invisible"></span></div><div class="boutons-produit"><a id="addProductToBasket_8" onclick="javascript:Tapestry.waitForPage(event);" title="Ajouter au panier" class="bt-produit-ajout-panier" href="http://www.refonte.auchandirect.fr/rayon.productgridorlist.productlist_1.thumbnailproduct_0.addproducttobasket/95855?t:ac=492">Ajouter au panier</a><a id="addProductToShoppingList_17" onclick="javascript:Tapestry.waitForPage(event);" title="Ajouter à ma liste" class="bt-produit-ajout-liste" href="http://www.refonte.auchandirect.fr/rayon.productgridorlist.productlist_1.thumbnailproduct_0.addproducttoshoppinglist/95855?t:ac=492">Ajouter à ma liste</a></div><div class="infos-produit-1"><div class="prix-actuel"><span>13.96€</span></div></div><div class="infos-produit-2"><a title="Voir le produit" href="http://www.refonte.auchandirect.fr/hygiène-beauté/corps/lait-protecteur-fps-30/id1/492/95855"><h2>AMBRE SOLAIRE</h2><h4>Lait Protecteur FPS 30</h4><h4>Golden Protect</h4><p>
200 ml
<br/>
69.80€/l
</p></a></div><div class="mini_picto_bas"></div></div></div></td><td><!-- PL : ici --><div class="bloc-produit produit-auchan bientot-dispo"><div class="bloc-produit-content"><a title="Voir le produit" href="http://www.refonte.auchandirect.fr/hygiène-beauté/corps/gel-douche-enivrant/id1/492/52377"><img src="http://www.refonte.auchandirect.fr/static/images/products/line/52377.jpg" alt="" class="produit "/></a><div class="picto"><span class="invisible"></span></div><div class="boutons-produit"><a class="bt-produit-ajout-panier disable" title="Bientôt disponible" href="javascript:void(0)">Bientôt disponible</a><a id="addProductToShoppingList_18" onclick="javascript:Tapestry.waitForPage(event);" title="Ajouter à ma liste" class="bt-produit-ajout-liste" href="http://www.refonte.auchandirect.fr/rayon.productgridorlist.productlist_1.thumbnailproduct_0.addproducttoshoppinglist/52377?t:ac=492">Ajouter à ma liste</a></div><div class="infos-produit-1"><div class="prix-actuel"><span>1.64€</span></div></div><div class="infos-produit-2"><a title="Voir le produit" href="http://www.refonte.auchandirect.fr/hygiène-beauté/corps/gel-douche-enivrant/id1/492/52377"><h2>AUCHAN</h2><h4>Gel douche enivrant</h4><h4>Papaye</h4><p>
330 ml
<br/>
5.47€/l
</p></a></div><div class="mini_picto_bas"></div></div></div></td><td><!-- PL : ici --><div class="bloc-produit produit-auchan"><div class="bloc-produit-content"><a title="Voir le produit" href="http://www.refonte.auchandirect.fr/hygiène-beauté/corps/gel-douche-nourrissant/id1/492/52542"><img src="http://www.refonte.auchandirect.fr/static/images/products/line/52542.jpg" alt="" class="produit "/></a><div class="picto"><span class="invisible"></span></div><div class="boutons-produit"><a id="addProductToBasket_9" onclick="javascript:Tapestry.waitForPage(event);" title="Ajouter au panier" class="bt-produit-ajout-panier" href="http://www.refonte.auchandirect.fr/rayon.productgridorlist.productlist_1.thumbnailproduct_0.addproducttobasket/52542?t:ac=492">Ajouter au panier</a><a id="addProductToShoppingList_19" onclick="javascript:Tapestry.waitForPage(event);" title="Ajouter à ma liste" class="bt-produit-ajout-liste" href="http://www.refonte.auchandirect.fr/rayon.productgridorlist.productlist_1.thumbnailproduct_0.addproducttoshoppinglist/52542?t:ac=492">Ajouter à ma liste</a></div><div class="infos-produit-1"><div class="prix-actuel"><span>1.64€</span></div></div><div class="infos-produit-2"><a title="Voir le produit" href="http://www.refonte.auchandirect.fr/hygiène-beauté/corps/gel-douche-nourrissant/id1/492/52542"><h2>AUCHAN</h2><h4>Gel douche nourrissant</h4><h4>Noix de coco</h4><p>
300 ml
<br/>
5.47€/l
</p></a></div><div class="mini_picto_bas"></div></div></div></td></tr><tr><td><!-- PL : ici --><div class="bloc-produit produit-auchan"><div class="bloc-produit-content"><a title="Voir le produit" href="http://www.refonte.auchandirect.fr/hygiène-beauté/corps/gel-douche/id1/492/52552"><img src="http://www.refonte.auchandirect.fr/static/images/products/line/52552.jpg" alt="" class="produit "/></a><div class="picto"><span class="invisible"></span></div><div class="boutons-produit"><a id="addProductToBasket_10" onclick="javascript:Tapestry.waitForPage(event);" title="Ajouter au panier" class="bt-produit-ajout-panier" href="http://www.refonte.auchandirect.fr/rayon.productgridorlist.productlist_1.thumbnailproduct_0.addproducttobasket/52552?t:ac=492">Ajouter au panier</a><a id="addProductToShoppingList_20" onclick="javascript:Tapestry.waitForPage(event);" title="Ajouter à ma liste" class="bt-produit-ajout-liste" href="http://www.refonte.auchandirect.fr/rayon.productgridorlist.productlist_1.thumbnailproduct_0.addproducttoshoppinglist/52552?t:ac=492">Ajouter à ma liste</a></div><div class="infos-produit-1"><div class="prix-actuel"><span>1.64€</span></div></div><div class="infos-produit-2"><a title="Voir le produit" href="http://www.refonte.auchandirect.fr/hygiène-beauté/corps/gel-douche/id1/492/52552"><h2>AUCHAN</h2><h4>Gel douche</h4><h4>Fleur de tiaré</h4><p>
300 ml
<br/>
5.47€/l
</p></a></div><div class="mini_picto_bas"></div></div></div></td><td><!-- PL : ici --><div class="bloc-produit produit-auchan"><div class="bloc-produit-content"><a title="Voir le produit" href="http://www.refonte.auchandirect.fr/hygiène-beauté/corps/gel-douche-hydratant/id1/492/17494"><img src="http://www.refonte.auchandirect.fr/static/images/products/line/17494.jpg" alt="" class="produit "/></a><div class="picto"><span class="invisible"></span></div><div class="boutons-produit"><a id="addProductToBasket_11" onclick="javascript:Tapestry.waitForPage(event);" title="Ajouter au panier" class="bt-produit-ajout-panier" href="http://www.refonte.auchandirect.fr/rayon.productgridorlist.productlist_1.thumbnailproduct_0.addproducttobasket/17494?t:ac=492">Ajouter au panier</a><a id="addProductToShoppingList_21" onclick="javascript:Tapestry.waitForPage(event);" title="Ajouter à ma liste" class="bt-produit-ajout-liste" href="http://www.refonte.auchandirect.fr/rayon.productgridorlist.productlist_1.thumbnailproduct_0.addproducttoshoppinglist/17494?t:ac=492">Ajouter à ma liste</a></div><div class="infos-produit-1"><div class="prix-actuel"><span>1.72€</span></div></div><div class="infos-produit-2"><a title="Voir le produit" href="http://www.refonte.auchandirect.fr/hygiène-beauté/corps/gel-douche-hydratant/id1/492/17494"><h2>AUCHAN</h2><h4>Gel douche hydratant</h4><h4>Lait vanille</h4><p>
300 ml
<br/>
5.73€/l
</p></a></div><div class="mini_picto_bas"></div></div></div></td><td><!-- PL : ici --><div class="bloc-produit produit-auchan bientot-dispo"><div class="bloc-produit-content"><a title="Voir le produit" href="http://www.refonte.auchandirect.fr/hygiène-beauté/hommes/shampooing-douche-équilibrant-fraicheur-marine/id1/433468/31443"><img src="http://www.refonte.auchandirect.fr/static/images/products/line/31443.jpg" alt="" class="produit "/></a><div class="picto"><span class="invisible"></span></div><div class="boutons-produit"><a class="bt-produit-ajout-panier disable" title="Bientôt disponible" href="javascript:void(0)">Bientôt disponible</a><a id="addProductToShoppingList_22" onclick="javascript:Tapestry.waitForPage(event);" title="Ajouter à ma liste" class="bt-produit-ajout-liste" href="http://www.refonte.auchandirect.fr/rayon.productgridorlist.productlist_1.thumbnailproduct_0.addproducttoshoppinglist/31443?t:ac=492">Ajouter à ma liste</a></div><div class="infos-produit-1"><div class="prix-actuel"><span>1.37€</span></div></div><div class="infos-produit-2"><a title="Voir le produit" href="http://www.refonte.auchandirect.fr/hygiène-beauté/hommes/shampooing-douche-équilibrant-fraicheur-marine/id1/433468/31443"><h2>AUCHAN</h2><h4>Shampooing douche équilibrant fraicheur marine</h4><h4>Homme</h4><p>
250 ml
<br/>
5.48€/l
</p></a></div><div class="mini_picto_bas"></div></div></div></td></tr><tr><td><!-- PL : ici --><div class="bloc-produit produit-auchan bientot-dispo"><div class="bloc-produit-content"><a title="Voir le produit" href="http://www.refonte.auchandirect.fr/hygiène-beauté/corps/gel-douche-extra-doux/id1/492/17495"><img src="http://www.refonte.auchandirect.fr/static/images/products/line/17495.jpg" alt="" class="produit "/></a><div class="picto"><span class="invisible"></span></div><div class="boutons-produit"><a class="bt-produit-ajout-panier disable" title="Bientôt disponible" href="javascript:void(0)">Bientôt disponible</a><a id="addProductToShoppingList_23" onclick="javascript:Tapestry.waitForPage(event);" title="Ajouter à ma liste" class="bt-produit-ajout-liste" href="http://www.refonte.auchandirect.fr/rayon.productgridorlist.productlist_1.thumbnailproduct_0.addproducttoshoppinglist/17495?t:ac=492">Ajouter à ma liste</a></div><div class="infos-produit-1"><div class="prix-actuel"><span>1.72€</span></div></div><div class="infos-produit-2"><a title="Voir le produit" href="http://www.refonte.auchandirect.fr/hygiène-beauté/corps/gel-douche-extra-doux/id1/492/17495"><h2>AUCHAN</h2><h4>Gel douche extra doux</h4><h4>Lait amande douce</h4><p>
300 ml
<br/>
5.73€/l
</p></a></div><div class="mini_picto_bas"></div></div></div></td><td><!-- PL : ici --><div class="bloc-produit produit-auchan"><div class="bloc-produit-content"><a title="Voir le produit" href="http://www.refonte.auchandirect.fr/hygiène-beauté/corps/gel-douche-gommant/id1/492/51587"><img src="http://www.refonte.auchandirect.fr/static/images/products/line/51587.jpg" alt="" class="produit "/></a><div class="picto"><span class="invisible"></span></div><div class="boutons-produit"><a id="addProductToBasket_12" onclick="javascript:Tapestry.waitForPage(event);" title="Ajouter au panier" class="bt-produit-ajout-panier" href="http://www.refonte.auchandirect.fr/rayon.productgridorlist.productlist_1.thumbnailproduct_0.addproducttobasket/51587?t:ac=492">Ajouter au panier</a><a id="addProductToShoppingList_24" onclick="javascript:Tapestry.waitForPage(event);" title="Ajouter à ma liste" class="bt-produit-ajout-liste" href="http://www.refonte.auchandirect.fr/rayon.productgridorlist.productlist_1.thumbnailproduct_0.addproducttoshoppinglist/51587?t:ac=492">Ajouter à ma liste</a></div><div class="infos-produit-1"><div class="prix-actuel"><span>1.91€</span></div></div><div class="infos-produit-2"><a title="Voir le produit" href="http://www.refonte.auchandirect.fr/hygiène-beauté/corps/gel-douche-gommant/id1/492/51587"><h2>AUCHAN</h2><h4>Gel douche gommant</h4><h4>Abricots</h4><p>
300 ml
<br/>
6.37€/l
</p></a></div><div class="mini_picto_bas"></div></div></div></td><td><!-- PL : ici --><div class="bloc-produit produit-auchan bientot-dispo"><div class="bloc-produit-content"><a title="Voir le produit" href="http://www.refonte.auchandirect.fr/hygiène-beauté/corps/bain-moussant/id1/492/33778"><img src="http://www.refonte.auchandirect.fr/static/images/products/line/33778.jpg" alt="" class="produit "/></a><div class="picto"><span class="invisible"></span></div><div class="boutons-produit"><a class="bt-produit-ajout-panier disable" title="Bientôt disponible" href="javascript:void(0)">Bientôt disponible</a><a id="addProductToShoppingList_25" onclick="javascript:Tapestry.waitForPage(event);" title="Ajouter à ma liste" class="bt-produit-ajout-liste" href="http://www.refonte.auchandirect.fr/rayon.productgridorlist.productlist_1.thumbnailproduct_0.addproducttoshoppinglist/33778?t:ac=492">Ajouter à ma liste</a></div><div class="infos-produit-1"><div class="prix-actuel"><span>2.28€</span></div></div><div class="infos-produit-2"><a title="Voir le produit" href="http://www.refonte.auchandirect.fr/hygiène-beauté/corps/bain-moussant/id1/492/33778"><h2>AUCHAN</h2><h4>Bain moussant</h4><h4>Fleur de tiaré</h4><p>
500 ml
<br/>
4.56€/l
</p></a></div><div class="mini_picto_bas"></div></div></div></td></tr><tr><td><!-- PL : ici --><div class="bloc-produit produit-auchan"><div class="bloc-produit-content"><a title="Voir le produit" href="http://www.refonte.auchandirect.fr/hygiène-beauté/corps/gel-bain/douche-so-pure/id1/492/90788"><img src="http://www.refonte.auchandirect.fr/static/images/products/line/90788.jpg" alt="" class="produit "/></a><div class="picto"><span class="invisible"></span></div><div class="boutons-produit"><a id="addProductToBasket_13" onclick="javascript:Tapestry.waitForPage(event);" title="Ajouter au panier" class="bt-produit-ajout-panier" href="http://www.refonte.auchandirect.fr/rayon.productgridorlist.productlist_1.thumbnailproduct_0.addproducttobasket/90788?t:ac=492">Ajouter au panier</a><a id="addProductToShoppingList_26" onclick="javascript:Tapestry.waitForPage(event);" title="Ajouter à ma liste" class="bt-produit-ajout-liste" href="http://www.refonte.auchandirect.fr/rayon.productgridorlist.productlist_1.thumbnailproduct_0.addproducttoshoppinglist/90788?t:ac=492">Ajouter à ma liste</a></div><div class="infos-produit-1"><div class="prix-actuel"><span>3.91€</span></div></div><div class="infos-produit-2"><a title="Voir le produit" href="http://www.refonte.auchandirect.fr/hygiène-beauté/corps/gel-bain/douche-so-pure/id1/492/90788"><h2>AUCHAN</h2><h4>Gel bain/douche So pure</h4><h4></h4><p>
750 ml
<br/>
5.21€/l
</p></a></div><div class="mini_picto_bas"></div></div></div></td><td><!-- PL : ici --><div class="bloc-produit produit-auchan"><div class="bloc-produit-content"><a title="Voir le produit" href="http://www.refonte.auchandirect.fr/hygiène-beauté/corps/crème-lavante-pureté/id1/492/23532"><img src="http://www.refonte.auchandirect.fr/static/images/products/line/23532.jpg" alt="" class="produit "/></a><div class="picto"><span class="invisible"></span></div><div class="boutons-produit"><a id="addProductToBasket_14" onclick="javascript:Tapestry.waitForPage(event);" title="Ajouter au panier" class="bt-produit-ajout-panier" href="http://www.refonte.auchandirect.fr/rayon.productgridorlist.productlist_1.thumbnailproduct_0.addproducttobasket/23532?t:ac=492">Ajouter au panier</a><a id="addProductToShoppingList_27" onclick="javascript:Tapestry.waitForPage(event);" title="Ajouter à ma liste" class="bt-produit-ajout-liste" href="http://www.refonte.auchandirect.fr/rayon.productgridorlist.productlist_1.thumbnailproduct_0.addproducttoshoppinglist/23532?t:ac=492">Ajouter à ma liste</a></div><div class="infos-produit-1"><div class="prix-actuel"><span>1.41€</span></div></div><div class="infos-produit-2"><a title="Voir le produit" href="http://www.refonte.auchandirect.fr/hygiène-beauté/corps/crème-lavante-pureté/id1/492/23532"><h2>AUCHAN</h2><h4>Crème lavante pureté</h4><h4></h4><p>
300 ml
<br/>
4.70€/l
</p></a></div><div class="mini_picto_bas"></div></div></div></td><td><!-- PL : ici --><div class="bloc-produit produit-auchan"><div class="bloc-produit-content"><a title="Voir le produit" href="http://www.refonte.auchandirect.fr/hygiène-beauté/corps/crème-lavante-mains/id1/492/36077"><img src="http://www.refonte.auchandirect.fr/static/images/products/line/36077.jpg" alt="" class="produit "/></a><div class="picto"><span class="invisible"></span></div><div class="boutons-produit"><a id="addProductToBasket_15" onclick="javascript:Tapestry.waitForPage(event);" title="Ajouter au panier" class="bt-produit-ajout-panier" href="http://www.refonte.auchandirect.fr/rayon.productgridorlist.productlist_1.thumbnailproduct_0.addproducttobasket/36077?t:ac=492">Ajouter au panier</a><a id="addProductToShoppingList_28" onclick="javascript:Tapestry.waitForPage(event);" title="Ajouter à ma liste" class="bt-produit-ajout-liste" href="http://www.refonte.auchandirect.fr/rayon.productgridorlist.productlist_1.thumbnailproduct_0.addproducttoshoppinglist/36077?t:ac=492">Ajouter à ma liste</a></div><div class="infos-produit-1"><div class="prix-actuel"><span>1.41€</span></div></div><div class="infos-produit-2"><a title="Voir le produit" href="http://www.refonte.auchandirect.fr/hygiène-beauté/corps/crème-lavante-mains/id1/492/36077"><h2>AUCHAN</h2><h4>Crème lavante mains</h4><h4>Vanille</h4><p>
300 ml
<br/>
4.70€/l
</p></a></div><div class="mini_picto_bas"></div></div></div></td></tr><tr><td><!-- PL : ici --><div class="bloc-produit produit-auchan bientot-dispo"><div class="bloc-produit-content"><a title="Voir le produit" href="http://www.refonte.auchandirect.fr/hygiène-beauté/corps/crème-lavante/id1/492/43130"><img src="http://www.refonte.auchandirect.fr/static/images/products/line/43130.jpg" alt="" class="produit "/></a><div class="picto"><span class="invisible"></span></div><div class="boutons-produit"><a class="bt-produit-ajout-panier disable" title="Bientôt disponible" href="javascript:void(0)">Bientôt disponible</a><a id="addProductToShoppingList_29" onclick="javascript:Tapestry.waitForPage(event);" title="Ajouter à ma liste" class="bt-produit-ajout-liste" href="http://www.refonte.auchandirect.fr/rayon.productgridorlist.productlist_1.thumbnailproduct_0.addproducttoshoppinglist/43130?t:ac=492">Ajouter à ma liste</a></div><div class="infos-produit-1"><div class="prix-actuel"><span>1.41€</span></div></div><div class="infos-produit-2"><a title="Voir le produit" href="http://www.refonte.auchandirect.fr/hygiène-beauté/corps/crème-lavante/id1/492/43130"><h2>AUCHAN</h2><h4>Crème lavante</h4><h4>Lait</h4><p>
300 ml
<br/>
4.70€/l
</p></a></div><div class="mini_picto_bas"></div></div></div></td><td><!-- PL : ici --><div class="bloc-produit produit-auchan bientot-dispo"><div class="bloc-produit-content"><a title="Voir le produit" href="http://www.refonte.auchandirect.fr/hygiène-beauté/corps/crème-lavante-mains-antibactérienne/id1/492/40163"><img src="http://www.refonte.auchandirect.fr/static/images/products/line/40163.jpg" alt="" class="produit "/></a><div class="picto"><span class="invisible"></span></div><div class="boutons-produit"><a class="bt-produit-ajout-panier disable" title="Bientôt disponible" href="javascript:void(0)">Bientôt disponible</a><a id="addProductToShoppingList_30" onclick="javascript:Tapestry.waitForPage(event);" title="Ajouter à ma liste" class="bt-produit-ajout-liste" href="http://www.refonte.auchandirect.fr/rayon.productgridorlist.productlist_1.thumbnailproduct_0.addproducttoshoppinglist/40163?t:ac=492">Ajouter à ma liste</a></div><div class="infos-produit-1"><div class="prix-actuel"><span>0.74€</span></div></div><div class="infos-produit-2"><a title="Voir le produit" href="http://www.refonte.auchandirect.fr/hygiène-beauté/corps/crème-lavante-mains-antibactérienne/id1/492/40163"><h2>AUCHAN</h2><h4>Crème lavante mains antibactérienne</h4><h4>Pureté</h4><p>
250 ml
<br/>
2.96€/l
</p></a></div><div class="mini_picto_bas"></div></div></div></td><td><!-- PL : ici --><div class="bloc-produit produit-auchan"><div class="bloc-produit-content"><a title="Voir le produit" href="http://www.refonte.auchandirect.fr/hygiène-beauté/corps/crème-lavante/id1/492/43567"><img src="http://www.refonte.auchandirect.fr/static/images/products/line/43567.jpg" alt="" class="produit "/></a><div class="picto"><span class="invisible"></span></div><div class="boutons-produit"><a id="addProductToBasket_16" onclick="javascript:Tapestry.waitForPage(event);" title="Ajouter au panier" class="bt-produit-ajout-panier" href="http://www.refonte.auchandirect.fr/rayon.productgridorlist.productlist_1.thumbnailproduct_0.addproducttobasket/43567?t:ac=492">Ajouter au panier</a><a id="addProductToShoppingList_31" onclick="javascript:Tapestry.waitForPage(event);" title="Ajouter à ma liste" class="bt-produit-ajout-liste" href="http://www.refonte.auchandirect.fr/rayon.productgridorlist.productlist_1.thumbnailproduct_0.addproducttoshoppinglist/43567?t:ac=492">Ajouter à ma liste</a></div><div class="infos-produit-1"><div class="prix-actuel"><span>0.72€</span></div></div><div class="infos-produit-2"><a title="Voir le produit" href="http://www.refonte.auchandirect.fr/hygiène-beauté/corps/crème-lavante/id1/492/43567"><h2>AUCHAN</h2><h4>Crème lavante</h4><h4>Amande douce</h4><p>
250 ml
<br/>
2.88€/l
</p></a></div><div class="mini_picto_bas"></div></div></div></td></tr><tr><td><!-- PL : ici --><div class="bloc-produit produit-auchan"><div class="bloc-produit-content"><a title="Voir le produit" href="http://www.refonte.auchandirect.fr/hygiène-beauté/corps/gommage-corporel/id1/492/33931"><img src="http://www.refonte.auchandirect.fr/static/images/products/line/33931.jpg" alt="" class="produit "/></a><div class="picto"><span class="invisible"></span></div><div class="boutons-produit"><a id="addProductToBasket_17" onclick="javascript:Tapestry.waitForPage(event);" title="Ajouter au panier" class="bt-produit-ajout-panier" href="http://www.refonte.auchandirect.fr/rayon.productgridorlist.productlist_1.thumbnailproduct_0.addproducttobasket/33931?t:ac=492">Ajouter au panier</a><a id="addProductToShoppingList_32" onclick="javascript:Tapestry.waitForPage(event);" title="Ajouter à ma liste" class="bt-produit-ajout-liste" href="http://www.refonte.auchandirect.fr/rayon.productgridorlist.productlist_1.thumbnailproduct_0.addproducttoshoppinglist/33931?t:ac=492">Ajouter à ma liste</a></div><div class="infos-produit-1"><div class="prix-actuel"><span>4.15€</span></div></div><div class="infos-produit-2"><a title="Voir le produit" href="http://www.refonte.auchandirect.fr/hygiène-beauté/corps/gommage-corporel/id1/492/33931"><h2>AUCHAN</h2><h4>Gommage corporel</h4><h4></h4><p>
150 ml
<br/>
27.67€/l
</p></a></div><div class="mini_picto_bas"></div></div></div></td><td><!-- PL : ici --><div class="bloc-produit produit-auchan"><div class="bloc-produit-content"><a title="Voir le produit" href="http://www.refonte.auchandirect.fr/hygiène-beauté/corps/lait-corporel-hydratant-peaux-sèches-en-pompe/id1/492/25660"><img src="http://www.refonte.auchandirect.fr/static/images/products/line/25660.jpg" alt="" class="produit "/></a><div class="picto"><span class="invisible"></span></div><div class="boutons-produit"><a id="addProductToBasket_18" onclick="javascript:Tapestry.waitForPage(event);" title="Ajouter au panier" class="bt-produit-ajout-panier" href="http://www.refonte.auchandirect.fr/rayon.productgridorlist.productlist_1.thumbnailproduct_0.addproducttobasket/25660?t:ac=492">Ajouter au panier</a><a id="addProductToShoppingList_33" onclick="javascript:Tapestry.waitForPage(event);" title="Ajouter à ma liste" class="bt-produit-ajout-liste" href="http://www.refonte.auchandirect.fr/rayon.productgridorlist.productlist_1.thumbnailproduct_0.addproducttoshoppinglist/25660?t:ac=492">Ajouter à ma liste</a></div><div class="infos-produit-1"><div class="prix-actuel"><span>4.03€</span></div></div><div class="infos-produit-2"><a title="Voir le produit" href="http://www.refonte.auchandirect.fr/hygiène-beauté/corps/lait-corporel-hydratant-peaux-sèches-en-pompe/id1/492/25660"><h2>AUCHAN</h2><h4>Lait corporel hydratant peaux sèches en pompe</h4><h4></h4><p>
400 ml
<br/>
10.08€/l
</p></a></div><div class="mini_picto_bas"></div></div></div></td><td><!-- PL : ici --><div class="bloc-produit produit-auchan bientot-dispo"><div class="bloc-produit-content"><a title="Voir le produit" href="http://www.refonte.auchandirect.fr/hygiène-beauté/corps/lait-hydratant-corps/id1/492/89062"><img src="http://www.refonte.auchandirect.fr/static/images/products/line/89062.jpg" alt="" class="produit "/></a><div class="picto"><span class="invisible"></span></div><div class="boutons-produit"><a class="bt-produit-ajout-panier disable" title="Bientôt disponible" href="javascript:void(0)">Bientôt disponible</a><a id="addProductToShoppingList_34" onclick="javascript:Tapestry.waitForPage(event);" title="Ajouter à ma liste" class="bt-produit-ajout-liste" href="http://www.refonte.auchandirect.fr/rayon.productgridorlist.productlist_1.thumbnailproduct_0.addproducttoshoppinglist/89062?t:ac=492">Ajouter à ma liste</a></div><div class="infos-produit-1"><div class="prix-actuel"><span>3.95€</span></div></div><div class="infos-produit-2"><a title="Voir le produit" href="http://www.refonte.auchandirect.fr/hygiène-beauté/corps/lait-hydratant-corps/id1/492/89062"><h2>AUCHAN</h2><h4>Lait hydratant corps</h4><h4>Karité</h4><p>
250 ml
<br/>
15.80€/l
</p></a></div><div class="mini_picto_bas"></div></div></div></td></tr><tr><td><!-- PL : ici --><div class="bloc-produit produit-auchan"><div class="bloc-produit-content"><a title="Voir le produit" href="http://www.refonte.auchandirect.fr/hygiène-beauté/corps/lait-hydratant-corporel-à-l'huile-argan/id1/492/89052"><img src="http://www.refonte.auchandirect.fr/static/images/products/line/89052.jpg" alt="" class="produit "/></a><div class="picto"><span class="invisible"></span></div><div class="boutons-produit"><a id="addProductToBasket_19" onclick="javascript:Tapestry.waitForPage(event);" title="Ajouter au panier" class="bt-produit-ajout-panier" href="http://www.refonte.auchandirect.fr/rayon.productgridorlist.productlist_1.thumbnailproduct_0.addproducttobasket/89052?t:ac=492">Ajouter au panier</a><a id="addProductToShoppingList_35" onclick="javascript:Tapestry.waitForPage(event);" title="Ajouter à ma liste" class="bt-produit-ajout-liste" href="http://www.refonte.auchandirect.fr/rayon.productgridorlist.productlist_1.thumbnailproduct_0.addproducttoshoppinglist/89052?t:ac=492">Ajouter à ma liste</a></div><div class="infos-produit-1"><div class="prix-actuel"><span>3.95€</span></div></div><div class="infos-produit-2"><a title="Voir le produit" href="http://www.refonte.auchandirect.fr/hygiène-beauté/corps/lait-hydratant-corporel-à-l'huile-argan/id1/492/89052"><h2>AUCHAN</h2><h4>Lait hydratant corporel à l'huile argan</h4><h4></h4><p>
250 ml
<br/>
15.80€/l
</p></a></div><div class="mini_picto_bas"></div></div></div></td><td><!-- PL : ici --><div class="bloc-produit produit-auchan bientot-dispo"><div class="bloc-produit-content"><a title="Voir le produit" href="http://www.refonte.auchandirect.fr/hygiène-beauté/corps/soin-nourrissant-pieds-secs-et-abimés/id1/492/25041"><img src="http://www.refonte.auchandirect.fr/static/images/products/line/25041.jpg" alt="" class="produit "/></a><div class="picto"><span class="invisible"></span></div><div class="boutons-produit"><a class="bt-produit-ajout-panier disable" title="Bientôt disponible" href="javascript:void(0)">Bientôt disponible</a><a id="addProductToShoppingList_36" onclick="javascript:Tapestry.waitForPage(event);" title="Ajouter à ma liste" class="bt-produit-ajout-liste" href="http://www.refonte.auchandirect.fr/rayon.productgridorlist.productlist_1.thumbnailproduct_0.addproducttoshoppinglist/25041?t:ac=492">Ajouter à ma liste</a></div><div class="infos-produit-1"><div class="prix-actuel"><span>4.24€</span></div></div><div class="infos-produit-2"><a title="Voir le produit" href="http://www.refonte.auchandirect.fr/hygiène-beauté/corps/soin-nourrissant-pieds-secs-et-abimés/id1/492/25041"><h2>AUCHAN</h2><h4>Soin nourrissant pieds secs et abimés</h4><h4></h4><p>
75 ml
<br/>
56.53€/l
</p></a></div><div class="mini_picto_bas"></div></div></div></td><td><!-- PL : ici --><div class="bloc-produit produit-auchan"><div class="bloc-produit-content"><a title="Voir le produit" href="http://www.refonte.auchandirect.fr/hygiène-beauté/corps/culotte-flux-modéré-taille-m/id1/492/57683"><img src="http://www.refonte.auchandirect.fr/static/images/products/line/57683.jpg" alt="" class="produit "/></a><div class="picto"><span class="invisible"></span></div><div class="boutons-produit"><a id="addProductToBasket_20" onclick="javascript:Tapestry.waitForPage(event);" title="Ajouter au panier" class="bt-produit-ajout-panier" href="http://www.refonte.auchandirect.fr/rayon.productgridorlist.productlist_1.thumbnailproduct_0.addproducttobasket/57683?t:ac=492">Ajouter au panier</a><a id="addProductToShoppingList_37" onclick="javascript:Tapestry.waitForPage(event);" title="Ajouter à ma liste" class="bt-produit-ajout-liste" href="http://www.refonte.auchandirect.fr/rayon.productgridorlist.productlist_1.thumbnailproduct_0.addproducttoshoppinglist/57683?t:ac=492">Ajouter à ma liste</a></div><div class="infos-produit-1"><div class="prix-actuel"><span>11.25€</span></div></div><div class="infos-produit-2"><a title="Voir le produit" href="http://www.refonte.auchandirect.fr/hygiène-beauté/corps/culotte-flux-modéré-taille-m/id1/492/57683"><h2>AUCHAN</h2><h4>Culotte flux modéré taille M</h4><h4></h4><p>
14 pièces
<br/>
0.80€/pièce
</p></a></div><div class="mini_picto_bas"></div></div></div></td></tr><tr><td><!-- PL : ici --><div class="bloc-produit produit-auchan bientot-dispo"><div class="bloc-produit-content"><a title="Voir le produit" href="http://www.refonte.auchandirect.fr/hygiène-beauté/corps/culotte-adulte-flux-modéré-taille-l/id1/492/57539"><img src="http://www.refonte.auchandirect.fr/static/images/products/line/57539.jpg" alt="" class="produit "/></a><div class="picto"><span class="invisible"></span></div><div class="boutons-produit"><a class="bt-produit-ajout-panier disable" title="Bientôt disponible" href="javascript:void(0)">Bientôt disponible</a><a id="addProductToShoppingList_38" onclick="javascript:Tapestry.waitForPage(event);" title="Ajouter à ma liste" class="bt-produit-ajout-liste" href="http://www.refonte.auchandirect.fr/rayon.productgridorlist.productlist_1.thumbnailproduct_0.addproducttoshoppinglist/57539?t:ac=492">Ajouter à ma liste</a></div><div class="infos-produit-1"><div class="prix-actuel"><span>13.25€</span></div></div><div class="infos-produit-2"><a title="Voir le produit" href="http://www.refonte.auchandirect.fr/hygiène-beauté/corps/culotte-adulte-flux-modéré-taille-l/id1/492/57539"><h2>AUCHAN</h2><h4>Culotte adulte flux modéré taille L</h4><h4></h4><p>
14 pièces
<br/>
0.95€/pièce
</p></a></div><div class="mini_picto_bas"><img src="http://www.refonte.auchandirect.fr/static/images/baby_small.jpg"/></div></div></div></td><td><!-- PL : ici --><div class="bloc-produit produit-auchan"><div class="bloc-produit-content"><a title="Voir le produit" href="http://www.refonte.auchandirect.fr/hygiène-beauté/corps/protèges-slip-pliés-minces/id1/492/39822"><img src="http://www.refonte.auchandirect.fr/static/images/products/line/39822.jpg" alt="" class="produit "/></a><div class="picto"><span class="invisible"></span></div><div class="boutons-produit"><a id="addProductToBasket_21" onclick="javascript:Tapestry.waitForPage(event);" title="Ajouter au panier" class="bt-produit-ajout-panier" href="http://www.refonte.auchandirect.fr/rayon.productgridorlist.productlist_1.thumbnailproduct_0.addproducttobasket/39822?t:ac=492">Ajouter au panier</a><a id="addProductToShoppingList_39" onclick="javascript:Tapestry.waitForPage(event);" title="Ajouter à ma liste" class="bt-produit-ajout-liste" href="http://www.refonte.auchandirect.fr/rayon.productgridorlist.productlist_1.thumbnailproduct_0.addproducttoshoppinglist/39822?t:ac=492">Ajouter à ma liste</a></div><div class="infos-produit-1"><div class="prix-actuel"><span>1.78€</span></div></div><div class="infos-produit-2"><a title="Voir le produit" href="http://www.refonte.auchandirect.fr/hygiène-beauté/corps/protèges-slip-pliés-minces/id1/492/39822"><h2>AUCHAN</h2><h4>Protèges-slip pliés minces</h4><h4>Ultra</h4><p>
30 pièces
<br/>
0.06€/pièce
</p></a></div><div class="mini_picto_bas"></div></div></div></td><td><!-- PL : ici --><div class="bloc-produit produit-auchan"><div class="bloc-produit-content"><a title="Voir le produit" href="http://www.refonte.auchandirect.fr/hygiène-beauté/corps/protèges-slips-normaux-micro-aérés/id1/492/13067"><img src="http://www.refonte.auchandirect.fr/static/images/products/line/13067.jpg" alt="" class="produit "/></a><div class="picto"><span class="invisible"></span></div><div class="boutons-produit"><a id="addProductToBasket_22" onclick="javascript:Tapestry.waitForPage(event);" title="Ajouter au panier" class="bt-produit-ajout-panier" href="http://www.refonte.auchandirect.fr/rayon.productgridorlist.productlist_1.thumbnailproduct_0.addproducttobasket/13067?t:ac=492">Ajouter au panier</a><a id="addProductToShoppingList_40" onclick="javascript:Tapestry.waitForPage(event);" title="Ajouter à ma liste" class="bt-produit-ajout-liste" href="http://www.refonte.auchandirect.fr/rayon.productgridorlist.productlist_1.thumbnailproduct_0.addproducttoshoppinglist/13067?t:ac=492">Ajouter à ma liste</a></div><div class="infos-produit-1"><div class="prix-actuel"><span>1.45€</span></div></div><div class="infos-produit-2"><a title="Voir le produit" href="http://www.refonte.auchandirect.fr/hygiène-beauté/corps/protèges-slips-normaux-micro-aérés/id1/492/13067"><h2>AUCHAN</h2><h4>Protèges-slips normaux micro-aérés</h4><h4>Ultra</h4><p>
30 pièces
<br/>
0.05€/pièce
</p></a></div><div class="mini_picto_bas"></div></div></div></td></tr><tr><td><!-- PL : ici --><div class="bloc-produit produit-auchan bientot-dispo"><div class="bloc-produit-content"><a title="Voir le produit" href="http://www.refonte.auchandirect.fr/hygiène-beauté/corps/serviettes-hygiéniques-super-flux/id1/492/1117"><img src="http://www.refonte.auchandirect.fr/static/images/products/line/1117.jpg" alt="" class="produit "/></a><div class="picto"><span class="invisible"></span></div><div class="boutons-produit"><a class="bt-produit-ajout-panier disable" title="Bientôt disponible" href="javascript:void(0)">Bientôt disponible</a><a id="addProductToShoppingList_41" onclick="javascript:Tapestry.waitForPage(event);" title="Ajouter à ma liste" class="bt-produit-ajout-liste" href="http://www.refonte.auchandirect.fr/rayon.productgridorlist.productlist_1.thumbnailproduct_0.addproducttoshoppinglist/1117?t:ac=492">Ajouter à ma liste</a></div><div class="infos-produit-1"><div class="prix-actuel"><span>1.79€</span></div></div><div class="infos-produit-2"><a title="Voir le produit" href="http://www.refonte.auchandirect.fr/hygiène-beauté/corps/serviettes-hygiéniques-super-flux/id1/492/1117"><h2>AUCHAN</h2><h4>Serviettes hygiéniques super flux</h4><h4>Ultra</h4><p>
14 pièces
<br/>
0.13€/pièce
</p></a></div><div class="mini_picto_bas"></div></div></div></td><td><!-- PL : ici --><div class="bloc-produit produit-auchan"><div class="bloc-produit-content"><a title="Voir le produit" href="http://www.refonte.auchandirect.fr/hygiène-beauté/corps/serviette-hygiénique-flux-léger/id1/492/57520"><img src="http://www.refonte.auchandirect.fr/static/images/products/line/57520.jpg" alt="" class="produit "/></a><div class="picto"><span class="invisible"></span></div><div class="boutons-produit"><a id="addProductToBasket_23" onclick="javascript:Tapestry.waitForPage(event);" title="Ajouter au panier" class="bt-produit-ajout-panier" href="http://www.refonte.auchandirect.fr/rayon.productgridorlist.productlist_1.thumbnailproduct_0.addproducttobasket/57520?t:ac=492">Ajouter au panier</a><a id="addProductToShoppingList_42" onclick="javascript:Tapestry.waitForPage(event);" title="Ajouter à ma liste" class="bt-produit-ajout-liste" href="http://www.refonte.auchandirect.fr/rayon.productgridorlist.productlist_1.thumbnailproduct_0.addproducttoshoppinglist/57520?t:ac=492">Ajouter à ma liste</a></div><div class="infos-produit-1"><div class="prix-actuel"><span>2.64€</span></div></div><div class="infos-produit-2"><a title="Voir le produit" href="http://www.refonte.auchandirect.fr/hygiène-beauté/corps/serviette-hygiénique-flux-léger/id1/492/57520"><h2>AUCHAN</h2><h4>Serviette hygiénique flux léger</h4><h4></h4><p>
12 pièces
<br/>
0.22€/pièce
</p></a></div><div class="mini_picto_bas"></div></div></div></td><td><!-- PL : ici --><div class="bloc-produit produit-auchan"><div class="bloc-produit-content"><a title="Voir le produit" href="http://www.refonte.auchandirect.fr/hygiène-beauté/corps/serviettes-avec-protèges-côtés-spécial-nuit/id1/492/8424"><img src="http://www.refonte.auchandirect.fr/static/images/products/line/8424.jpg" alt="" class="produit "/></a><div class="picto"><span class="invisible"></span></div><div class="boutons-produit"><a id="addProductToBasket_24" onclick="javascript:Tapestry.waitForPage(event);" title="Ajouter au panier" class="bt-produit-ajout-panier" href="http://www.refonte.auchandirect.fr/rayon.productgridorlist.productlist_1.thumbnailproduct_0.addproducttobasket/8424?t:ac=492">Ajouter au panier</a><a id="addProductToShoppingList_43" onclick="javascript:Tapestry.waitForPage(event);" title="Ajouter à ma liste" class="bt-produit-ajout-liste" href="http://www.refonte.auchandirect.fr/rayon.productgridorlist.productlist_1.thumbnailproduct_0.addproducttoshoppinglist/8424?t:ac=492">Ajouter à ma liste</a></div><div class="infos-produit-1"><div class="prix-actuel"><span>1.69€</span></div></div><div class="infos-produit-2"><a title="Voir le produit" href="http://www.refonte.auchandirect.fr/hygiène-beauté/corps/serviettes-avec-protèges-côtés-spécial-nuit/id1/492/8424"><h2>AUCHAN</h2><h4>Serviettes avec protèges côtés spécial nuit</h4><h4>Ultra</h4><p>
10 pièces
<br/>
0.17€/pièce
</p></a></div><div class="mini_picto_bas"></div></div></div></td></tr><tr><td><!-- PL : ici --><div class="bloc-produit produit-auchan bientot-dispo"><div class="bloc-produit-content"><a title="Voir le produit" href="http://www.refonte.auchandirect.fr/hygiène-beauté/corps/serviettes-avec-protèges-côtés-flux-super-plus/id1/492/2051"><img src="http://www.refonte.auchandirect.fr/static/images/products/line/2051.jpg" alt="" class="produit "/></a><div class="picto"><span class="invisible"></span></div><div class="boutons-produit"><a class="bt-produit-ajout-panier disable" title="Bientôt disponible" href="javascript:void(0)">Bientôt disponible</a><a id="addProductToShoppingList_44" onclick="javascript:Tapestry.waitForPage(event);" title="Ajouter à ma liste" class="bt-produit-ajout-liste" href="http://www.refonte.auchandirect.fr/rayon.productgridorlist.productlist_1.thumbnailproduct_0.addproducttoshoppinglist/2051?t:ac=492">Ajouter à ma liste</a></div><div class="infos-produit-1"><div class="prix-actuel"><span>1.79€</span></div></div><div class="infos-produit-2"><a title="Voir le produit" href="http://www.refonte.auchandirect.fr/hygiène-beauté/corps/serviettes-avec-protèges-côtés-flux-super-plus/id1/492/2051"><h2>AUCHAN</h2><h4>Serviettes avec protèges côtés flux Super plus</h4><h4></h4><p>
12 pièces
<br/>
0.15€/pièce
</p></a></div><div class="mini_picto_bas"></div></div></div></td><td><!-- PL : ici --><div class="bloc-produit produit-auchan"><div class="bloc-produit-content"><a title="Voir le produit" href="http://www.refonte.auchandirect.fr/hygiène-beauté/corps/tamponsavec-applicateur-super/id1/492/60680"><img src="http://www.refonte.auchandirect.fr/static/images/products/line/60680.jpg" alt="" class="produit "/></a><div class="picto"><span class="invisible"></span></div><div class="boutons-produit"><a id="addProductToBasket_25" onclick="javascript:Tapestry.waitForPage(event);" title="Ajouter au panier" class="bt-produit-ajout-panier" href="http://www.refonte.auchandirect.fr/rayon.productgridorlist.productlist_1.thumbnailproduct_0.addproducttobasket/60680?t:ac=492">Ajouter au panier</a><a id="addProductToShoppingList_45" onclick="javascript:Tapestry.waitForPage(event);" title="Ajouter à ma liste" class="bt-produit-ajout-liste" href="http://www.refonte.auchandirect.fr/rayon.productgridorlist.productlist_1.thumbnailproduct_0.addproducttoshoppinglist/60680?t:ac=492">Ajouter à ma liste</a></div><div class="infos-produit-1"><div class="prix-actuel"><span>2.28€</span></div></div><div class="infos-produit-2"><a title="Voir le produit" href="http://www.refonte.auchandirect.fr/hygiène-beauté/corps/tamponsavec-applicateur-super/id1/492/60680"><h2>AUCHAN</h2><h4>Tamponsavec applicateur super</h4><h4>Compact</h4><p>
16 pièces
<br/>
0.14€/pièce
</p></a></div><div class="mini_picto_bas"></div></div></div></td><td><!-- PL : ici --><div class="bloc-produit produit-auchan"><div class="bloc-produit-content"><a title="Voir le produit" href="http://www.refonte.auchandirect.fr/hygiène-beauté/corps/tampons-sans-applicateur-flux-super/id1/492/57687"><img src="http://www.refonte.auchandirect.fr/static/images/products/line/57687.jpg" alt="" class="produit "/></a><div class="picto"><span class="invisible"></span></div><div class="boutons-produit"><a id="addProductToBasket_26" onclick="javascript:Tapestry.waitForPage(event);" title="Ajouter au panier" class="bt-produit-ajout-panier" href="http://www.refonte.auchandirect.fr/rayon.productgridorlist.productlist_1.thumbnailproduct_0.addproducttobasket/57687?t:ac=492">Ajouter au panier</a><a id="addProductToShoppingList_46" onclick="javascript:Tapestry.waitForPage(event);" title="Ajouter à ma liste" class="bt-produit-ajout-liste" href="http://www.refonte.auchandirect.fr/rayon.productgridorlist.productlist_1.thumbnailproduct_0.addproducttoshoppinglist/57687?t:ac=492">Ajouter à ma liste</a></div><div class="infos-produit-1"><div class="prix-actuel"><span>2.25€</span></div></div><div class="infos-produit-2"><a title="Voir le produit" href="http://www.refonte.auchandirect.fr/hygiène-beauté/corps/tampons-sans-applicateur-flux-super/id1/492/57687"><h2>AUCHAN</h2><h4>Tampons sans applicateur flux super</h4><h4></h4><p>
24 pièces
<br/>
0.09€/pièce
</p></a></div><div class="mini_picto_bas"></div></div></div></td></tr><tr><td><!-- PL : ici --><div class="bloc-produit produit-auchan"><div class="bloc-produit-content"><a title="Voir le produit" href="http://www.refonte.auchandirect.fr/hygiène-beauté/corps/tampon-sans-applicateur-flux-normal/id1/492/57526"><img src="http://www.refonte.auchandirect.fr/static/images/products/line/57526.jpg" alt="" class="produit "/></a><div class="picto"><span class="invisible"></span></div><div class="boutons-produit"><a id="addProductToBasket_27" onclick="javascript:Tapestry.waitForPage(event);" title="Ajouter au panier" class="bt-produit-ajout-panier" href="http://www.refonte.auchandirect.fr/rayon.productgridorlist.productlist_1.thumbnailproduct_0.addproducttobasket/57526?t:ac=492">Ajouter au panier</a><a id="addProductToShoppingList_47" onclick="javascript:Tapestry.waitForPage(event);" title="Ajouter à ma liste" class="bt-produit-ajout-liste" href="http://www.refonte.auchandirect.fr/rayon.productgridorlist.productlist_1.thumbnailproduct_0.addproducttoshoppinglist/57526?t:ac=492">Ajouter à ma liste</a></div><div class="infos-produit-1"><div class="prix-actuel"><span>2.21€</span></div></div><div class="infos-produit-2"><a title="Voir le produit" href="http://www.refonte.auchandirect.fr/hygiène-beauté/corps/tampon-sans-applicateur-flux-normal/id1/492/57526"><h2>AUCHAN</h2><h4>Tampon sans applicateur flux normal</h4><h4></h4><p>
24 pièces
<br/>
0.09€/pièce
</p></a></div><div class="mini_picto_bas"></div></div></div></td><td><!-- PL : ici --><div class="bloc-produit produit-auchan"><div class="bloc-produit-content"><a title="Voir le produit" href="http://www.refonte.auchandirect.fr/hygiène-beauté/corps/tampons-avec-applicateur-normal/id1/492/60681"><img src="http://www.refonte.auchandirect.fr/static/images/products/line/60681.jpg" alt="" class="produit "/></a><div class="picto"><span class="invisible"></span></div><div class="boutons-produit"><a id="addProductToBasket_28" onclick="javascript:Tapestry.waitForPage(event);" title="Ajouter au panier" class="bt-produit-ajout-panier" href="http://www.refonte.auchandirect.fr/rayon.productgridorlist.productlist_1.thumbnailproduct_0.addproducttobasket/60681?t:ac=492">Ajouter au panier</a><a id="addProductToShoppingList_48" onclick="javascript:Tapestry.waitForPage(event);" title="Ajouter à ma liste" class="bt-produit-ajout-liste" href="http://www.refonte.auchandirect.fr/rayon.productgridorlist.productlist_1.thumbnailproduct_0.addproducttoshoppinglist/60681?t:ac=492">Ajouter à ma liste</a></div><div class="infos-produit-1"><div class="prix-actuel"><span>2.30€</span></div></div><div class="infos-produit-2"><a title="Voir le produit" href="http://www.refonte.auchandirect.fr/hygiène-beauté/corps/tampons-avec-applicateur-normal/id1/492/60681"><h2>AUCHAN</h2><h4>Tampons avec applicateur normal</h4><h4>Compact</h4><p>
16 pièces
<br/>
0.14€/pièce
</p></a></div><div class="mini_picto_bas"></div></div></div></td><td><!-- PL : ici --><div class="bloc-produit "><div class="bloc-produit-content"><a title="Voir le produit" href="http://www.refonte.auchandirect.fr/hygiène-beauté/hommes/rasoirs-jetables-pour-peaux-sensibles/id1/433468/1612"><img src="http://www.refonte.auchandirect.fr/static/images/products/line/1612.jpg" alt="" class="produit "/></a><div class="picto"><span class="invisible"></span></div><div class="boutons-produit"><a id="addProductToBasket_29" onclick="javascript:Tapestry.waitForPage(event);" title="Ajouter au panier" class="bt-produit-ajout-panier" href="http://www.refonte.auchandirect.fr/rayon.productgridorlist.productlist_1.thumbnailproduct_0.addproducttobasket/1612?t:ac=492">Ajouter au panier</a><a id="addProductToShoppingList_49" onclick="javascript:Tapestry.waitForPage(event);" title="Ajouter à ma liste" class="bt-produit-ajout-liste" href="http://www.refonte.auchandirect.fr/rayon.productgridorlist.productlist_1.thumbnailproduct_0.addproducttoshoppinglist/1612?t:ac=492">Ajouter à ma liste</a></div><div class="infos-produit-1"><div class="prix-actuel"><span>1.56€</span></div></div><div class="infos-produit-2"><a title="Voir le produit" href="http://www.refonte.auchandirect.fr/hygiène-beauté/hommes/rasoirs-jetables-pour-peaux-sensibles/id1/433468/1612"><h2>BIC</h2><h4>Rasoirs jetables pour peaux sensibles</h4><h4>Classic</h4><p>
10 pièces
<br/>
0.16€/pièce
</p></a></div><div class="mini_picto_bas"></div></div></div></td></tr><tr><td><!-- PL : ici --><div class="bloc-produit "><div class="bloc-produit-content"><a title="Voir le produit" href="http://www.refonte.auchandirect.fr/hygiène-beauté/corps/rasoir-pour-femme/id1/492/102768"><img src="http://www.refonte.auchandirect.fr/static/images/products/line/102768.jpg" alt="" class="produit "/></a><div class="picto"><span class="invisible"></span></div><div class="boutons-produit"><a id="addProductToBasket_30" onclick="javascript:Tapestry.waitForPage(event);" title="Ajouter au panier" class="bt-produit-ajout-panier" href="http://www.refonte.auchandirect.fr/rayon.productgridorlist.productlist_1.thumbnailproduct_0.addproducttobasket/102768?t:ac=492">Ajouter au panier</a><a id="addProductToShoppingList_50" onclick="javascript:Tapestry.waitForPage(event);" title="Ajouter à ma liste" class="bt-produit-ajout-liste" href="http://www.refonte.auchandirect.fr/rayon.productgridorlist.productlist_1.thumbnailproduct_0.addproducttoshoppinglist/102768?t:ac=492">Ajouter à ma liste</a></div><div class="infos-produit-1"><div class="prix-actuel"><span>3.05€</span></div></div><div class="infos-produit-2"><a title="Voir le produit" href="http://www.refonte.auchandirect.fr/hygiène-beauté/corps/rasoir-pour-femme/id1/492/102768"><h2>BIC</h2><h4>Rasoir pour femme</h4><h4>Flex Lady</h4><p>
3 pièces
<br/>
1.02€/pièce
</p></a></div><div class="mini_picto_bas"></div></div></div></td><td><!-- PL : ici --><div class="bloc-produit  bientot-dispo"><div class="bloc-produit-content"><a title="Voir le produit" href="http://www.refonte.auchandirect.fr/hygiène-beauté/corps/gel-douceur-pour-le-corps-et-cheveux-bio/id1/492/37278"><img src="http://www.refonte.auchandirect.fr/static/images/products/line/37278.jpg" alt="" class="produit "/></a><div class="picto"><span class="invisible"></span></div><div class="boutons-produit"><a class="bt-produit-ajout-panier disable" title="Bientôt disponible" href="javascript:void(0)">Bientôt disponible</a><a id="addProductToShoppingList_51" onclick="javascript:Tapestry.waitForPage(event);" title="Ajouter à ma liste" class="bt-produit-ajout-liste" href="http://www.refonte.auchandirect.fr/rayon.productgridorlist.productlist_1.thumbnailproduct_0.addproducttoshoppinglist/37278?t:ac=492">Ajouter à ma liste</a></div><div class="infos-produit-1"><div class="prix-actuel"><span>6.11€</span></div></div><div class="infos-produit-2"><a title="Voir le produit" href="http://www.refonte.auchandirect.fr/hygiène-beauté/corps/gel-douceur-pour-le-corps-et-cheveux-bio/id1/492/37278"><h2>CADUM</h2><h4>Gel douceur pour le corps et cheveux bio</h4><h4>Amande douce</h4><p>
750 g
<br/>
8.15€/l
</p></a></div><div class="mini_picto_bas"><img src="http://www.refonte.auchandirect.fr/static/images/AB_small.jpg"/></div></div></div></td><td><!-- PL : ici --><div class="bloc-produit  bientot-dispo"><div class="bloc-produit-content"><a title="Voir le produit" href="http://www.refonte.auchandirect.fr/hygiène-beauté/corps/gel-sans-savon-pour-cheveux-et-corps/id1/492/35852"><img src="http://www.refonte.auchandirect.fr/static/images/products/line/35852.jpg" alt="" class="produit "/></a><div class="picto"><span class="invisible"></span></div><div class="boutons-produit"><a class="bt-produit-ajout-panier disable" title="Bientôt disponible" href="javascript:void(0)">Bientôt disponible</a><a id="addProductToShoppingList_52" onclick="javascript:Tapestry.waitForPage(event);" title="Ajouter à ma liste" class="bt-produit-ajout-liste" href="http://www.refonte.auchandirect.fr/rayon.productgridorlist.productlist_1.thumbnailproduct_0.addproducttoshoppinglist/35852?t:ac=492">Ajouter à ma liste</a></div><div class="infos-produit-1"><div class="prix-actuel"><span>5.94€</span></div></div><div class="infos-produit-2"><a title="Voir le produit" href="http://www.refonte.auchandirect.fr/hygiène-beauté/corps/gel-sans-savon-pour-cheveux-et-corps/id1/492/35852"><h2>CADUM</h2><h4>Gel sans savon pour cheveux et corps</h4><h4>Bébé</h4><p>
750 ml
<br/>
7.92€/l
</p></a></div><div class="mini_picto_bas"></div></div></div></td></tr><tr><td><!-- PL : ici --><div class="bloc-produit  bientot-dispo"><div class="bloc-produit-content"><a title="Voir le produit" href="http://www.refonte.auchandirect.fr/hygiène-beauté/corps/crème-de-douche-surgras/id1/492/44427"><img src="http://www.refonte.auchandirect.fr/static/images/products/line/44427.jpg" alt="" class="produit "/></a><div class="picto"><span class="invisible"></span></div><div class="boutons-produit"><a class="bt-produit-ajout-panier disable" title="Bientôt disponible" href="javascript:void(0)">Bientôt disponible</a><a id="addProductToShoppingList_53" onclick="javascript:Tapestry.waitForPage(event);" title="Ajouter à ma liste" class="bt-produit-ajout-liste" href="http://www.refonte.auchandirect.fr/rayon.productgridorlist.productlist_1.thumbnailproduct_0.addproducttoshoppinglist/44427?t:ac=492">Ajouter à ma liste</a></div><div class="infos-produit-1"><div class="prix-actuel"><span>3.43€</span></div></div><div class="infos-produit-2"><a title="Voir le produit" href="http://www.refonte.auchandirect.fr/hygiène-beauté/corps/crème-de-douche-surgras/id1/492/44427"><h2>CADUM</h2><h4>Crème de douche surgras</h4><h4></h4><p>
400 ml
<br/>
8.58€/l
</p></a></div><div class="mini_picto_bas"></div></div></div></td><td><!-- PL : ici --><div class="bloc-produit "><div class="bloc-produit-content"><a title="Voir le produit" href="http://www.refonte.auchandirect.fr/hygiène-beauté/corps/savons-à-l'amande-douce/id1/492/61645"><img src="http://www.refonte.auchandirect.fr/static/images/products/line/61645.jpg" alt="" class="produit "/></a><div class="picto"><span class="invisible"></span></div><div class="boutons-produit"><a id="addProductToBasket_31" onclick="javascript:Tapestry.waitForPage(event);" title="Ajouter au panier" class="bt-produit-ajout-panier" href="http://www.refonte.auchandirect.fr/rayon.productgridorlist.productlist_1.thumbnailproduct_0.addproducttobasket/61645?t:ac=492">Ajouter au panier</a><a id="addProductToShoppingList_54" onclick="javascript:Tapestry.waitForPage(event);" title="Ajouter à ma liste" class="bt-produit-ajout-liste" href="http://www.refonte.auchandirect.fr/rayon.productgridorlist.productlist_1.thumbnailproduct_0.addproducttoshoppinglist/61645?t:ac=492">Ajouter à ma liste</a></div><div class="infos-produit-1"><div class="prix-actuel"><span>2.68€</span></div></div><div class="infos-produit-2"><a title="Voir le produit" href="http://www.refonte.auchandirect.fr/hygiène-beauté/corps/savons-à-l'amande-douce/id1/492/61645"><h2>CADUM</h2><h4>Savons à l'amande douce</h4><h4></h4><p>
4 x 100 g
<br/>
6.70€/kg
</p></a></div><div class="mini_picto_bas"></div></div></div></td><td><!-- PL : ici --><div class="bloc-produit "><div class="bloc-produit-content"><a title="Voir le produit" href="http://www.refonte.auchandirect.fr/hygiène-beauté/corps/huile-d'argan-pure/id1/492/30899"><img src="http://www.refonte.auchandirect.fr/static/images/products/line/30899.jpg" alt="" class="produit "/></a><div class="picto"><span class="invisible"></span></div><div class="boutons-produit"><a id="addProductToBasket_32" onclick="javascript:Tapestry.waitForPage(event);" title="Ajouter au panier" class="bt-produit-ajout-panier" href="http://www.refonte.auchandirect.fr/rayon.productgridorlist.productlist_1.thumbnailproduct_0.addproducttobasket/30899?t:ac=492">Ajouter au panier</a><a id="addProductToShoppingList_55" onclick="javascript:Tapestry.waitForPage(event);" title="Ajouter à ma liste" class="bt-produit-ajout-liste" href="http://www.refonte.auchandirect.fr/rayon.productgridorlist.productlist_1.thumbnailproduct_0.addproducttoshoppinglist/30899?t:ac=492">Ajouter à ma liste</a></div><div class="infos-produit-1"><div class="prix-actuel"><span>9.19€</span></div></div><div class="infos-produit-2"><a title="Voir le produit" href="http://www.refonte.auchandirect.fr/hygiène-beauté/corps/huile-d'argan-pure/id1/492/30899"><h2>CHEMINS D'ORIENT</h2><h4>Huile d'Argan pure</h4><h4></h4><p>
50 ml
<br/>
183.80€/l
</p></a></div><div class="mini_picto_bas"></div></div></div></td></tr><tr><td><!-- PL : ici --><div class="bloc-produit "><div class="bloc-produit-content"><a title="Voir le produit" href="http://www.refonte.auchandirect.fr/hygiène-beauté/corps/soin-réparateur-intensif-pour-mains/id1/492/42742"><img src="http://www.refonte.auchandirect.fr/static/images/products/line/42742.jpg" alt="" class="produit "/></a><div class="picto"><span class="invisible"></span></div><div class="boutons-produit"><a id="addProductToBasket_33" onclick="javascript:Tapestry.waitForPage(event);" title="Ajouter au panier" class="bt-produit-ajout-panier" href="http://www.refonte.auchandirect.fr/rayon.productgridorlist.productlist_1.thumbnailproduct_0.addproducttobasket/42742?t:ac=492">Ajouter au panier</a><a id="addProductToShoppingList_56" onclick="javascript:Tapestry.waitForPage(event);" title="Ajouter à ma liste" class="bt-produit-ajout-liste" href="http://www.refonte.auchandirect.fr/rayon.productgridorlist.productlist_1.thumbnailproduct_0.addproducttoshoppinglist/42742?t:ac=492">Ajouter à ma liste</a></div><div class="infos-produit-1"><div class="prix-actuel"><span>4.75€</span></div></div><div class="infos-produit-2"><a title="Voir le produit" href="http://www.refonte.auchandirect.fr/hygiène-beauté/corps/soin-réparateur-intensif-pour-mains/id1/492/42742"><h2>DERMOPHIL</h2><h4>Soin réparateur intensif pour mains</h4><h4>Formule indienne</h4><p>
75 ml
<br/>
63.33€/l
</p></a></div><div class="mini_picto_bas"></div></div></div></td><td><!-- PL : ici --><div class="bloc-produit  bientot-dispo"><div class="bloc-produit-content"><a title="Voir le produit" href="http://www.refonte.auchandirect.fr/hygiène-beauté/corps/savon-dermatologique/id1/492/21708"><img src="http://www.refonte.auchandirect.fr/static/images/products/line/21708.jpg" alt="" class="produit "/></a><div class="picto"><span class="invisible"></span></div><div class="boutons-produit"><a class="bt-produit-ajout-panier disable" title="Bientôt disponible" href="javascript:void(0)">Bientôt disponible</a><a id="addProductToShoppingList_57" onclick="javascript:Tapestry.waitForPage(event);" title="Ajouter à ma liste" class="bt-produit-ajout-liste" href="http://www.refonte.auchandirect.fr/rayon.productgridorlist.productlist_1.thumbnailproduct_0.addproducttoshoppinglist/21708?t:ac=492">Ajouter à ma liste</a></div><div class="infos-produit-1"><div class="prix-actuel"><span>1.06€</span></div></div><div class="infos-produit-2"><a title="Voir le produit" href="http://www.refonte.auchandirect.fr/hygiène-beauté/corps/savon-dermatologique/id1/492/21708"><h2>DIADERMINE</h2><h4>Savon Dermatologique</h4><h4></h4><p>
100 g
<br/>
10.60€/kg
</p></a></div><div class="mini_picto_bas"></div></div></div></td><td><!-- PL : ici --><div class="bloc-produit "><div class="bloc-produit-content"><a title="Voir le produit" href="http://www.refonte.auchandirect.fr/hygiène-beauté/visage/dissolvant-doux-fortifiant-sans-acétone/id1/493/23111"><img src="http://www.refonte.auchandirect.fr/static/images/products/line/23111.jpg" alt="" class="produit "/></a><div class="picto"><span class="invisible"></span></div><div class="boutons-produit"><a id="addProductToBasket_34" onclick="javascript:Tapestry.waitForPage(event);" title="Ajouter au panier" class="bt-produit-ajout-panier" href="http://www.refonte.auchandirect.fr/rayon.productgridorlist.productlist_1.thumbnailproduct_0.addproducttobasket/23111?t:ac=492">Ajouter au panier</a><a id="addProductToShoppingList_58" onclick="javascript:Tapestry.waitForPage(event);" title="Ajouter à ma liste" class="bt-produit-ajout-liste" href="http://www.refonte.auchandirect.fr/rayon.productgridorlist.productlist_1.thumbnailproduct_0.addproducttoshoppinglist/23111?t:ac=492">Ajouter à ma liste</a></div><div class="infos-produit-1"><div class="prix-actuel"><span>3.04€</span></div></div><div class="infos-produit-2"><a title="Voir le produit" href="http://www.refonte.auchandirect.fr/hygiène-beauté/visage/dissolvant-doux-fortifiant-sans-acétone/id1/493/23111"><h2>DIADERMINE</h2><h4>Dissolvant doux fortifiant sans acétone</h4><h4>Les essentiels</h4><p>
125 ml
<br/>
24.32€/l
</p></a></div><div class="mini_picto_bas"></div></div></div></td></tr><tr><td><!-- PL : ici --><div class="bloc-produit  bientot-dispo"><div class="bloc-produit-content"><a title="Voir le produit" href="http://www.refonte.auchandirect.fr/hygiène-beauté/corps/douche/id1/492/55255"><img src="http://www.refonte.auchandirect.fr/static/images/products/line/55255.jpg" alt="" class="produit "/></a><div class="picto"><span class="invisible"></span></div><div class="boutons-produit"><a class="bt-produit-ajout-panier disable" title="Bientôt disponible" href="javascript:void(0)">Bientôt disponible</a><a id="addProductToShoppingList_59" onclick="javascript:Tapestry.waitForPage(event);" title="Ajouter à ma liste" class="bt-produit-ajout-liste" href="http://www.refonte.auchandirect.fr/rayon.productgridorlist.productlist_1.thumbnailproduct_0.addproducttoshoppinglist/55255?t:ac=492">Ajouter à ma liste</a></div><div class="infos-produit-1"><div class="prix-actuel"><span>1.98€</span></div></div><div class="infos-produit-2"><a title="Voir le produit" href="http://www.refonte.auchandirect.fr/hygiène-beauté/corps/douche/id1/492/55255"><h2>DOP</h2><h4>Douche</h4><h4>Vanille</h4><p>
250 ml
<br/>
7.92€/l
</p></a></div><div class="mini_picto_bas"></div></div></div></td><td><!-- PL : ici --><div class="bloc-produit  bientot-dispo"><div class="bloc-produit-content"><a title="Voir le produit" href="http://www.refonte.auchandirect.fr/hygiène-beauté/corps/douche-crème-douceur/id1/492/55256"><img src="http://www.refonte.auchandirect.fr/static/images/products/line/55256.jpg" alt="" class="produit "/></a><div class="picto"><span class="invisible"></span></div><div class="boutons-produit"><a class="bt-produit-ajout-panier disable" title="Bientôt disponible" href="javascript:void(0)">Bientôt disponible</a><a id="addProductToShoppingList_60" onclick="javascript:Tapestry.waitForPage(event);" title="Ajouter à ma liste" class="bt-produit-ajout-liste" href="http://www.refonte.auchandirect.fr/rayon.productgridorlist.productlist_1.thumbnailproduct_0.addproducttoshoppinglist/55256?t:ac=492">Ajouter à ma liste</a></div><div class="infos-produit-1"><div class="prix-actuel"><span>1.96€</span></div></div><div class="infos-produit-2"><a title="Voir le produit" href="http://www.refonte.auchandirect.fr/hygiène-beauté/corps/douche-crème-douceur/id1/492/55256"><h2>DOP</h2><h4>Douche crème douceur</h4><h4>Lait végétal</h4><p>
250 ml
<br/>
7.84€/l
</p></a></div><div class="mini_picto_bas"></div></div></div></td><td><!-- PL : ici --><div class="bloc-produit "><div class="bloc-produit-content"><a title="Voir le produit" href="http://www.refonte.auchandirect.fr/hygiène-beauté/corps/gel-douche/id1/492/55257"><img src="http://www.refonte.auchandirect.fr/static/images/products/line/55257.jpg" alt="" class="produit "/></a><div class="picto"><span class="invisible"></span></div><div class="boutons-produit"><a id="addProductToBasket_35" onclick="javascript:Tapestry.waitForPage(event);" title="Ajouter au panier" class="bt-produit-ajout-panier" href="http://www.refonte.auchandirect.fr/rayon.productgridorlist.productlist_1.thumbnailproduct_0.addproducttobasket/55257?t:ac=492">Ajouter au panier</a><a id="addProductToShoppingList_61" onclick="javascript:Tapestry.waitForPage(event);" title="Ajouter à ma liste" class="bt-produit-ajout-liste" href="http://www.refonte.auchandirect.fr/rayon.productgridorlist.productlist_1.thumbnailproduct_0.addproducttoshoppinglist/55257?t:ac=492">Ajouter à ma liste</a></div><div class="infos-produit-1"><div class="prix-actuel"><span>1.99€</span></div></div><div class="infos-produit-2"><a title="Voir le produit" href="http://www.refonte.auchandirect.fr/hygiène-beauté/corps/gel-douche/id1/492/55257"><h2>DOP</h2><h4>Gel douche</h4><h4>Amande douce</h4><p>
250 ml
<br/>
7.96€/l
</p></a></div><div class="mini_picto_bas"></div></div></div></td></tr><tr><td><!-- PL : ici --><div class="bloc-produit "><div class="bloc-produit-content"><a title="Voir le produit" href="http://www.refonte.auchandirect.fr/hygiène-beauté/corps/gel-douche-de-macadamia-et-soie-pure/id1/492/12016"><img src="http://www.refonte.auchandirect.fr/static/images/products/line/12016.jpg" alt="" class="produit "/></a><div class="picto"><span class="invisible"></span></div><div class="boutons-produit"><a id="addProductToBasket_36" onclick="javascript:Tapestry.waitForPage(event);" title="Ajouter au panier" class="bt-produit-ajout-panier" href="http://www.refonte.auchandirect.fr/rayon.productgridorlist.productlist_1.thumbnailproduct_0.addproducttobasket/12016?t:ac=492">Ajouter au panier</a><a id="addProductToShoppingList_62" onclick="javascript:Tapestry.waitForPage(event);" title="Ajouter à ma liste" class="bt-produit-ajout-liste" href="http://www.refonte.auchandirect.fr/rayon.productgridorlist.productlist_1.thumbnailproduct_0.addproducttoshoppinglist/12016?t:ac=492">Ajouter à ma liste</a></div><div class="infos-produit-1"><div class="prix-actuel"><span>2.42€</span></div></div><div class="infos-produit-2"><a title="Voir le produit" href="http://www.refonte.auchandirect.fr/hygiène-beauté/corps/gel-douche-de-macadamia-et-soie-pure/id1/492/12016"><h2>DOVE</h2><h4>Gel douche de macadamia et soie pure</h4><h4>Huile et soie</h4><p>
250 ml
<br/>
9.68€/l
</p></a></div><div class="mini_picto_bas"></div></div></div></td><td><!-- PL : ici --><div class="bloc-produit  bientot-dispo"><div class="bloc-produit-content"><a title="Voir le produit" href="http://www.refonte.auchandirect.fr/hygiène-beauté/corps/crème-douche-hydratante-aux-dermo-lipides/id1/492/2365"><img src="http://www.refonte.auchandirect.fr/static/images/products/line/2365.jpg" alt="" class="produit "/></a><div class="picto"><span class="invisible"></span></div><div class="boutons-produit"><a class="bt-produit-ajout-panier disable" title="Bientôt disponible" href="javascript:void(0)">Bientôt disponible</a><a id="addProductToShoppingList_63" onclick="javascript:Tapestry.waitForPage(event);" title="Ajouter à ma liste" class="bt-produit-ajout-liste" href="http://www.refonte.auchandirect.fr/rayon.productgridorlist.productlist_1.thumbnailproduct_0.addproducttoshoppinglist/2365?t:ac=492">Ajouter à ma liste</a></div><div class="infos-produit-1"><div class="prix-actuel"><span>3.56€</span></div></div><div class="infos-produit-2"><a title="Voir le produit" href="http://www.refonte.auchandirect.fr/hygiène-beauté/corps/crème-douche-hydratante-aux-dermo-lipides/id1/492/2365"><h2>DOVE</h2><h4>Crème douche hydratante aux dermo-lipides</h4><h4>Nutrition intense</h4><p>
400 ml
<br/>
8.90€/l
</p></a></div><div class="mini_picto_bas"></div></div></div></td><td><!-- PL : ici --><div class="bloc-produit "><div class="bloc-produit-content"><a title="Voir le produit" href="http://www.refonte.auchandirect.fr/hygiène-beauté/corps/gel-douche-soin-hydratant/id1/492/7703"><img src="http://www.refonte.auchandirect.fr/static/images/products/line/7703.jpg" alt="" class="produit "/></a><div class="picto"><span class="invisible"></span></div><div class="boutons-produit"><a id="addProductToBasket_37" onclick="javascript:Tapestry.waitForPage(event);" title="Ajouter au panier" class="bt-produit-ajout-panier" href="http://www.refonte.auchandirect.fr/rayon.productgridorlist.productlist_1.thumbnailproduct_0.addproducttobasket/7703?t:ac=492">Ajouter au panier</a><a id="addProductToShoppingList_64" onclick="javascript:Tapestry.waitForPage(event);" title="Ajouter à ma liste" class="bt-produit-ajout-liste" href="http://www.refonte.auchandirect.fr/rayon.productgridorlist.productlist_1.thumbnailproduct_0.addproducttoshoppinglist/7703?t:ac=492">Ajouter à ma liste</a></div><div class="infos-produit-1"><div class="prix-actuel"><span>2.56€</span></div></div><div class="infos-produit-2"><a title="Voir le produit" href="http://www.refonte.auchandirect.fr/hygiène-beauté/corps/gel-douche-soin-hydratant/id1/492/7703"><h2>DOVE</h2><h4>Gel douche soin hydratant</h4><h4>Nutrition intense</h4><p>
250 ml
<br/>
10.24€/l
</p></a></div><div class="mini_picto_bas"></div></div></div></td></tr><tr><td><!-- PL : ici --><div class="bloc-produit "><div class="bloc-produit-content"><a title="Voir le produit" href="http://www.refonte.auchandirect.fr/hygiène-beauté/corps/gel-douche-rituel-renove/id1/492/75781"><img src="http://www.refonte.auchandirect.fr/static/images/products/line/75781.jpg" alt="" class="produit "/></a><div class="picto"><span class="invisible"></span></div><div class="boutons-produit"><a id="addProductToBasket_38" onclick="javascript:Tapestry.waitForPage(event);" title="Ajouter au panier" class="bt-produit-ajout-panier" href="http://www.refonte.auchandirect.fr/rayon.productgridorlist.productlist_1.thumbnailproduct_0.addproducttobasket/75781?t:ac=492">Ajouter au panier</a><a id="addProductToShoppingList_65" onclick="javascript:Tapestry.waitForPage(event);" title="Ajouter à ma liste" class="bt-produit-ajout-liste" href="http://www.refonte.auchandirect.fr/rayon.productgridorlist.productlist_1.thumbnailproduct_0.addproducttoshoppinglist/75781?t:ac=492">Ajouter à ma liste</a></div><div class="infos-produit-1"><div class="prix-actuel"><span>2.88€</span></div></div><div class="infos-produit-2"><a title="Voir le produit" href="http://www.refonte.auchandirect.fr/hygiène-beauté/corps/gel-douche-rituel-renove/id1/492/75781"><h2>DOVE</h2><h4>Gel douche rituel renove</h4><h4>Rituel renove</h4><p>
250 ml
<br/>
11.52€/l
</p></a></div><div class="mini_picto_bas"></div></div></div></td><td><!-- PL : ici --><div class="bloc-produit  bientot-dispo"><div class="bloc-produit-content"><a title="Voir le produit" href="http://www.refonte.auchandirect.fr/hygiène-beauté/corps/crème-de-bain/id1/492/2720"><img src="http://www.refonte.auchandirect.fr/static/images/products/line/2720.jpg" alt="" class="produit "/></a><div class="picto"><span class="invisible"></span></div><div class="boutons-produit"><a class="bt-produit-ajout-panier disable" title="Bientôt disponible" href="javascript:void(0)">Bientôt disponible</a><a id="addProductToShoppingList_66" onclick="javascript:Tapestry.waitForPage(event);" title="Ajouter à ma liste" class="bt-produit-ajout-liste" href="http://www.refonte.auchandirect.fr/rayon.productgridorlist.productlist_1.thumbnailproduct_0.addproducttoshoppinglist/2720?t:ac=492">Ajouter à ma liste</a></div><div class="infos-produit-1"><div class="prix-actuel"><span>5.22€</span></div></div><div class="infos-produit-2"><a title="Voir le produit" href="http://www.refonte.auchandirect.fr/hygiène-beauté/corps/crème-de-bain/id1/492/2720"><h2>DOVE</h2><h4>Crème de bain</h4><h4>Nutrition intense</h4><p>
500 ml
<br/>
10.44€/l
</p></a></div><div class="mini_picto_bas"></div></div></div></td><td><!-- PL : ici --><div class="bloc-produit  bientot-dispo"><div class="bloc-produit-content"><a title="Voir le produit" href="http://www.refonte.auchandirect.fr/hygiène-beauté/corps/pain-de-toilette/id1/492/11411"><img src="http://www.refonte.auchandirect.fr/static/images/products/line/11411.jpg" alt="" class="produit "/></a><div class="picto"><span class="invisible"></span></div><div class="boutons-produit"><a class="bt-produit-ajout-panier disable" title="Bientôt disponible" href="javascript:void(0)">Bientôt disponible</a><a id="addProductToShoppingList_67" onclick="javascript:Tapestry.waitForPage(event);" title="Ajouter à ma liste" class="bt-produit-ajout-liste" href="http://www.refonte.auchandirect.fr/rayon.productgridorlist.productlist_1.thumbnailproduct_0.addproducttoshoppinglist/11411?t:ac=492">Ajouter à ma liste</a></div><div class="infos-produit-1"><div class="prix-actuel"><span>4.09€</span></div></div><div class="infos-produit-2"><a title="Voir le produit" href="http://www.refonte.auchandirect.fr/hygiène-beauté/corps/pain-de-toilette/id1/492/11411"><h2>DOVE</h2><h4>Pain de toilette</h4><h4>Beauty Cream bar</h4><p>
400 g
<br/>
10.23€/kg
</p></a></div><div class="mini_picto_bas"></div></div></div></td></tr><tr><td><!-- PL : ici --><div class="bloc-produit  bientot-dispo"><div class="bloc-produit-content"><a title="Voir le produit" href="http://www.refonte.auchandirect.fr/hygiène-beauté/corps/pains-de-savon-exfoliants/id1/492/33943"><img src="http://www.refonte.auchandirect.fr/static/images/products/line/33943.jpg" alt="" class="produit "/></a><div class="picto"><span class="invisible"></span></div><div class="boutons-produit"><a class="bt-produit-ajout-panier disable" title="Bientôt disponible" href="javascript:void(0)">Bientôt disponible</a><a id="addProductToShoppingList_68" onclick="javascript:Tapestry.waitForPage(event);" title="Ajouter à ma liste" class="bt-produit-ajout-liste" href="http://www.refonte.auchandirect.fr/rayon.productgridorlist.productlist_1.thumbnailproduct_0.addproducttoshoppinglist/33943?t:ac=492">Ajouter à ma liste</a></div><div class="infos-produit-1"><div class="prix-actuel"><span>1.98€</span></div></div><div class="infos-produit-2"><a title="Voir le produit" href="http://www.refonte.auchandirect.fr/hygiène-beauté/corps/pains-de-savon-exfoliants/id1/492/33943"><h2>DOVE</h2><h4>Pains de savon exfoliants</h4><h4></h4><p>
2 x 100 g
<br/>
0.99€/pièce
</p></a></div><div class="mini_picto_bas"></div></div></div></td><td><!-- PL : ici --><div class="bloc-produit  bientot-dispo"><div class="bloc-produit-content"><a title="Voir le produit" href="http://www.refonte.auchandirect.fr/hygiène-beauté/corps/déodorant-24-h-spray/id1/492/42444"><img src="http://www.refonte.auchandirect.fr/static/images/products/line/42444.jpg" alt="" class="produit "/></a><div class="picto"><span class="invisible"></span></div><div class="boutons-produit"><a class="bt-produit-ajout-panier disable" title="Bientôt disponible" href="javascript:void(0)">Bientôt disponible</a><a id="addProductToShoppingList_69" onclick="javascript:Tapestry.waitForPage(event);" title="Ajouter à ma liste" class="bt-produit-ajout-liste" href="http://www.refonte.auchandirect.fr/rayon.productgridorlist.productlist_1.thumbnailproduct_0.addproducttoshoppinglist/42444?t:ac=492">Ajouter à ma liste</a></div><div class="infos-produit-1"><div class="prix-actuel"><span>4.14€</span></div></div><div class="infos-produit-2"><a title="Voir le produit" href="http://www.refonte.auchandirect.fr/hygiène-beauté/corps/déodorant-24-h-spray/id1/492/42444"><h2>DOVE</h2><h4>Déodorant 24 H spray</h4><h4>Invisible Dry</h4><p>
200 ml
<br/>
20.70€/l
</p></a></div><div class="mini_picto_bas"></div></div></div></td><td><!-- PL : ici --><div class="bloc-produit "><div class="bloc-produit-content"><a title="Voir le produit" href="http://www.refonte.auchandirect.fr/hygiène-beauté/corps/déodorant-hydratant-spray/id1/492/1522"><img src="http://www.refonte.auchandirect.fr/static/images/products/line/1522.jpg" alt="" class="produit "/></a><div class="picto"><span class="invisible"></span></div><div class="boutons-produit"><a id="addProductToBasket_39" onclick="javascript:Tapestry.waitForPage(event);" title="Ajouter au panier" class="bt-produit-ajout-panier" href="http://www.refonte.auchandirect.fr/rayon.productgridorlist.productlist_1.thumbnailproduct_0.addproducttobasket/1522?t:ac=492">Ajouter au panier</a><a id="addProductToShoppingList_70" onclick="javascript:Tapestry.waitForPage(event);" title="Ajouter à ma liste" class="bt-produit-ajout-liste" href="http://www.refonte.auchandirect.fr/rayon.productgridorlist.productlist_1.thumbnailproduct_0.addproducttoshoppinglist/1522?t:ac=492">Ajouter à ma liste</a></div><div class="infos-produit-1"><div class="prix-actuel"><span>3.83€</span></div></div><div class="infos-produit-2"><a title="Voir le produit" href="http://www.refonte.auchandirect.fr/hygiène-beauté/corps/déodorant-hydratant-spray/id1/492/1522"><h2>DOVE</h2><h4>Déodorant hydratant spray</h4><h4>Original</h4><p>
200 ml
<br/>
19.15€/l
</p></a></div><div class="mini_picto_bas"></div></div></div></td></tr><tr><td><!-- PL : ici --><div class="bloc-produit "><div class="bloc-produit-content"><a title="Voir le produit" href="http://www.refonte.auchandirect.fr/hygiène-beauté/corps/déodorant-bille/id1/492/27041"><img src="http://www.refonte.auchandirect.fr/static/images/products/line/27041.jpg" alt="" class="produit "/></a><div class="picto"><span class="invisible"></span></div><div class="boutons-produit"><a id="addProductToBasket_40" onclick="javascript:Tapestry.waitForPage(event);" title="Ajouter au panier" class="bt-produit-ajout-panier" href="http://www.refonte.auchandirect.fr/rayon.productgridorlist.productlist_1.thumbnailproduct_0.addproducttobasket/27041?t:ac=492">Ajouter au panier</a><a id="addProductToShoppingList_71" onclick="javascript:Tapestry.waitForPage(event);" title="Ajouter à ma liste" class="bt-produit-ajout-liste" href="http://www.refonte.auchandirect.fr/rayon.productgridorlist.productlist_1.thumbnailproduct_0.addproducttoshoppinglist/27041?t:ac=492">Ajouter à ma liste</a></div><div class="infos-produit-1"><div class="prix-actuel"><span>4.18€</span></div></div><div class="infos-produit-2"><a title="Voir le produit" href="http://www.refonte.auchandirect.fr/hygiène-beauté/corps/déodorant-bille/id1/492/27041"><h2>DOVE</h2><h4>Déodorant bille</h4><h4>Invisible dry</h4><p>
50 ml
<br/>
83.60€/l
</p></a></div><div class="mini_picto_bas"></div></div></div></td><td><!-- PL : ici --><div class="bloc-produit "><div class="bloc-produit-content"><a title="Voir le produit" href="http://www.refonte.auchandirect.fr/hygiène-beauté/corps/déodorant-hydratant-bille/id1/492/1540"><img src="http://www.refonte.auchandirect.fr/static/images/products/line/1540.jpg" alt="" class="produit "/></a><div class="picto"><span class="invisible"></span></div><div class="boutons-produit"><a id="addProductToBasket_41" onclick="javascript:Tapestry.waitForPage(event);" title="Ajouter au panier" class="bt-produit-ajout-panier" href="http://www.refonte.auchandirect.fr/rayon.productgridorlist.productlist_1.thumbnailproduct_0.addproducttobasket/1540?t:ac=492">Ajouter au panier</a><a id="addProductToShoppingList_72" onclick="javascript:Tapestry.waitForPage(event);" title="Ajouter à ma liste" class="bt-produit-ajout-liste" href="http://www.refonte.auchandirect.fr/rayon.productgridorlist.productlist_1.thumbnailproduct_0.addproducttoshoppinglist/1540?t:ac=492">Ajouter à ma liste</a></div><div class="infos-produit-1"><div class="prix-actuel"><span>4.22€</span></div></div><div class="infos-produit-2"><a title="Voir le produit" href="http://www.refonte.auchandirect.fr/hygiène-beauté/corps/déodorant-hydratant-bille/id1/492/1540"><h2>DOVE</h2><h4>Déodorant hydratant bille</h4><h4>Original</h4><p>
50 ml
<br/>
84.40€/l
</p></a></div><div class="mini_picto_bas"></div></div></div></td><td><!-- PL : ici --><div class="bloc-produit  bientot-dispo"><div class="bloc-produit-content"><a title="Voir le produit" href="http://www.refonte.auchandirect.fr/hygiène-beauté/corps/déodorant-en-stick/id1/492/73791"><img src="http://www.refonte.auchandirect.fr/static/images/products/line/73791.jpg" alt="" class="produit "/></a><div class="picto"><span class="invisible"></span></div><div class="boutons-produit"><a class="bt-produit-ajout-panier disable" title="Bientôt disponible" href="javascript:void(0)">Bientôt disponible</a><a id="addProductToShoppingList_73" onclick="javascript:Tapestry.waitForPage(event);" title="Ajouter à ma liste" class="bt-produit-ajout-liste" href="http://www.refonte.auchandirect.fr/rayon.productgridorlist.productlist_1.thumbnailproduct_0.addproducttoshoppinglist/73791?t:ac=492">Ajouter à ma liste</a></div><div class="infos-produit-1"><div class="prix-actuel"><span>4.15€</span></div></div><div class="infos-produit-2"><a title="Voir le produit" href="http://www.refonte.auchandirect.fr/hygiène-beauté/corps/déodorant-en-stick/id1/492/73791"><h2>DOVE</h2><h4>Déodorant en stick</h4><h4>Original</h4><p>
40 ml
<br/>
10.38€/l
</p></a></div><div class="mini_picto_bas"></div></div></div></td></tr><tr><td><!-- PL : ici --><div class="bloc-produit  bientot-dispo"><div class="bloc-produit-content"><a title="Voir le produit" href="http://www.refonte.auchandirect.fr/hygiène-beauté/corps/crème-hydratante-pour-le-corps/id1/492/11524"><img src="http://www.refonte.auchandirect.fr/static/images/products/line/11524.jpg" alt="" class="produit "/></a><div class="picto"><span class="invisible"></span></div><div class="boutons-produit"><a class="bt-produit-ajout-panier disable" title="Bientôt disponible" href="javascript:void(0)">Bientôt disponible</a><a id="addProductToShoppingList_74" onclick="javascript:Tapestry.waitForPage(event);" title="Ajouter à ma liste" class="bt-produit-ajout-liste" href="http://www.refonte.auchandirect.fr/rayon.productgridorlist.productlist_1.thumbnailproduct_0.addproducttoshoppinglist/11524?t:ac=492">Ajouter à ma liste</a></div><div class="infos-produit-1"><div class="prix-actuel"><span>5.65€</span></div></div><div class="infos-produit-2"><a title="Voir le produit" href="http://www.refonte.auchandirect.fr/hygiène-beauté/corps/crème-hydratante-pour-le-corps/id1/492/11524"><h2>DOVE</h2><h4>Crème hydratante pour le corps</h4><h4>Creme soie</h4><p>
300 ml
<br/>
18.83€/l
</p></a></div><div class="mini_picto_bas"></div></div></div></td><td><!-- PL : ici --><div class="bloc-produit  bientot-dispo"><div class="bloc-produit-content"><a title="Voir le produit" href="http://www.refonte.auchandirect.fr/hygiène-beauté/cheveux/gel-douche-à-partager/id1/491/58467"><img src="http://www.refonte.auchandirect.fr/static/images/products/line/58467.jpg" alt="" class="produit "/></a><div class="picto"><span class="invisible"></span></div><div class="boutons-produit"><a class="bt-produit-ajout-panier disable" title="Bientôt disponible" href="javascript:void(0)">Bientôt disponible</a><a id="addProductToShoppingList_75" onclick="javascript:Tapestry.waitForPage(event);" title="Ajouter à ma liste" class="bt-produit-ajout-liste" href="http://www.refonte.auchandirect.fr/rayon.productgridorlist.productlist_1.thumbnailproduct_0.addproducttoshoppinglist/58467?t:ac=492">Ajouter à ma liste</a></div><div class="infos-produit-1"><div class="prix-actuel"><span>4.67€</span></div></div><div class="infos-produit-2"><a title="Voir le produit" href="http://www.refonte.auchandirect.fr/hygiène-beauté/cheveux/gel-douche-à-partager/id1/491/58467"><h2>ECOUTE TA NATURE</h2><h4>Gel douche à partager</h4><h4>Réconfortant</h4><p>
400 ml
<br/>
11.68€/l
</p></a></div><div class="mini_picto_bas"><img src="http://www.refonte.auchandirect.fr/static/images/AB_small.jpg"/></div></div></div></td><td><!-- PL : ici --><div class="bloc-produit "><div class="bloc-produit-content"><a title="Voir le produit" href="http://www.refonte.auchandirect.fr/hygiène-beauté/corps/gel-douche-soin/id1/492/42038"><img src="http://www.refonte.auchandirect.fr/static/images/products/line/42038.jpg" alt="" class="produit "/></a><div class="picto"><span class="invisible"></span></div><div class="boutons-produit"><a id="addProductToBasket_42" onclick="javascript:Tapestry.waitForPage(event);" title="Ajouter au panier" class="bt-produit-ajout-panier" href="http://www.refonte.auchandirect.fr/rayon.productgridorlist.productlist_1.thumbnailproduct_0.addproducttobasket/42038?t:ac=492">Ajouter au panier</a><a id="addProductToShoppingList_76" onclick="javascript:Tapestry.waitForPage(event);" title="Ajouter à ma liste" class="bt-produit-ajout-liste" href="http://www.refonte.auchandirect.fr/rayon.productgridorlist.productlist_1.thumbnailproduct_0.addproducttoshoppinglist/42038?t:ac=492">Ajouter à ma liste</a></div><div class="infos-produit-1"><div class="prix-actuel"><span>1.89€</span></div></div><div class="infos-produit-2"><a title="Voir le produit" href="http://www.refonte.auchandirect.fr/hygiène-beauté/corps/gel-douche-soin/id1/492/42038"><h2>FA</h2><h4>Gel douche soin</h4><h4>Yoghurt Coconut</h4><p>
250 ml
<br/>
7.56€/l
</p></a></div><div class="mini_picto_bas"></div></div></div></td></tr><tr><td><!-- PL : ici --><div class="bloc-produit "><div class="bloc-produit-content"><a title="Voir le produit" href="http://www.refonte.auchandirect.fr/hygiène-beauté/corps/déodorant-spray-pour-peaux-irritées/id1/492/61171"><img src="http://www.refonte.auchandirect.fr/static/images/products/line/61171.jpg" alt="" class="produit "/></a><div class="picto"><span class="invisible"></span></div><div class="boutons-produit"><a id="addProductToBasket_43" onclick="javascript:Tapestry.waitForPage(event);" title="Ajouter au panier" class="bt-produit-ajout-panier" href="http://www.refonte.auchandirect.fr/rayon.productgridorlist.productlist_1.thumbnailproduct_0.addproducttobasket/61171?t:ac=492">Ajouter au panier</a><a id="addProductToShoppingList_77" onclick="javascript:Tapestry.waitForPage(event);" title="Ajouter à ma liste" class="bt-produit-ajout-liste" href="http://www.refonte.auchandirect.fr/rayon.productgridorlist.productlist_1.thumbnailproduct_0.addproducttoshoppinglist/61171?t:ac=492">Ajouter à ma liste</a></div><div class="infos-produit-1"><div class="prix-actuel"><span>4.25€</span></div></div><div class="infos-produit-2"><a title="Voir le produit" href="http://www.refonte.auchandirect.fr/hygiène-beauté/corps/déodorant-spray-pour-peaux-irritées/id1/492/61171"><h2>GARNIER</h2><h4>Déodorant spray pour peaux irritées</h4><h4>Invisi Minéral</h4><p>
200 ml
<br/>
21.25€/l
</p></a></div><div class="mini_picto_bas"></div></div></div></td><td><!-- PL : ici --><div class="bloc-produit "><div class="bloc-produit-content"><a title="Voir le produit" href="http://www.refonte.auchandirect.fr/hygiène-beauté/corps/déodorant-bille-pour-peaux-irritées/id1/492/61172"><img src="http://www.refonte.auchandirect.fr/static/images/products/line/61172.jpg" alt="" class="produit "/></a><div class="picto"><span class="invisible"></span></div><div class="boutons-produit"><a id="addProductToBasket_44" onclick="javascript:Tapestry.waitForPage(event);" title="Ajouter au panier" class="bt-produit-ajout-panier" href="http://www.refonte.auchandirect.fr/rayon.productgridorlist.productlist_1.thumbnailproduct_0.addproducttobasket/61172?t:ac=492">Ajouter au panier</a><a id="addProductToShoppingList_78" onclick="javascript:Tapestry.waitForPage(event);" title="Ajouter à ma liste" class="bt-produit-ajout-liste" href="http://www.refonte.auchandirect.fr/rayon.productgridorlist.productlist_1.thumbnailproduct_0.addproducttoshoppinglist/61172?t:ac=492">Ajouter à ma liste</a></div><div class="infos-produit-1"><div class="prix-actuel"><span>4.25€</span></div></div><div class="infos-produit-2"><a title="Voir le produit" href="http://www.refonte.auchandirect.fr/hygiène-beauté/corps/déodorant-bille-pour-peaux-irritées/id1/492/61172"><h2>GARNIER</h2><h4>Déodorant bille pour peaux irritées</h4><h4>Invisi Minéral</h4><p>
50 ml
<br/>
85.00€/l
</p></a></div><div class="mini_picto_bas"></div></div></div></td><td><!-- PL : ici --><div class="bloc-produit "><div class="bloc-produit-content"><a title="Voir le produit" href="http://www.refonte.auchandirect.fr/hygiène-beauté/corps/lait-raffermissant-algues/id1/492/73570"><img src="http://www.refonte.auchandirect.fr/static/images/products/line/73570.jpg" alt="" class="produit "/></a><div class="picto"><span class="invisible"></span></div><div class="boutons-produit"><a id="addProductToBasket_45" onclick="javascript:Tapestry.waitForPage(event);" title="Ajouter au panier" class="bt-produit-ajout-panier" href="http://www.refonte.auchandirect.fr/rayon.productgridorlist.productlist_1.thumbnailproduct_0.addproducttobasket/73570?t:ac=492">Ajouter au panier</a><a id="addProductToShoppingList_79" onclick="javascript:Tapestry.waitForPage(event);" title="Ajouter à ma liste" class="bt-produit-ajout-liste" href="http://www.refonte.auchandirect.fr/rayon.productgridorlist.productlist_1.thumbnailproduct_0.addproducttoshoppinglist/73570?t:ac=492">Ajouter à ma liste</a></div><div class="infos-produit-1"><div class="prix-actuel"><span>6.23€</span></div></div><div class="infos-produit-2"><a title="Voir le produit" href="http://www.refonte.auchandirect.fr/hygiène-beauté/corps/lait-raffermissant-algues/id1/492/73570"><h2>GARNIER</h2><h4>Lait raffermissant algues</h4><h4>Body tonic</h4><p>
250 ml
<br/>
24.92€/l
</p></a></div><div class="mini_picto_bas"></div></div></div></td></tr><tr><td><!-- PL : ici --><div class="bloc-produit "><div class="bloc-produit-content"><a title="Voir le produit" href="http://www.refonte.auchandirect.fr/hygiène-beauté/corps/gel-anti-cellulite-raffermissant/id1/492/89168"><img src="http://www.refonte.auchandirect.fr/static/images/products/line/89168.jpg" alt="" class="produit "/></a><div class="picto"><span class="invisible"></span></div><div class="boutons-produit"><a id="addProductToBasket_46" onclick="javascript:Tapestry.waitForPage(event);" title="Ajouter au panier" class="bt-produit-ajout-panier" href="http://www.refonte.auchandirect.fr/rayon.productgridorlist.productlist_1.thumbnailproduct_0.addproducttobasket/89168?t:ac=492">Ajouter au panier</a><a id="addProductToShoppingList_80" onclick="javascript:Tapestry.waitForPage(event);" title="Ajouter à ma liste" class="bt-produit-ajout-liste" href="http://www.refonte.auchandirect.fr/rayon.productgridorlist.productlist_1.thumbnailproduct_0.addproducttoshoppinglist/89168?t:ac=492">Ajouter à ma liste</a></div><div class="infos-produit-1"><div class="prix-actuel"><span>12.60€</span></div></div><div class="infos-produit-2"><a title="Voir le produit" href="http://www.refonte.auchandirect.fr/hygiène-beauté/corps/gel-anti-cellulite-raffermissant/id1/492/89168"><h2>GARNIER</h2><h4>Gel anti-cellulite raffermissant</h4><h4>Body Tonic</h4><p>
200 ml
<br/>
63.00€/l
</p></a></div><div class="mini_picto_bas"></div></div></div></td><td><!-- PL : ici --><div class="bloc-produit "><div class="bloc-produit-content"><a title="Voir le produit" href="http://www.refonte.auchandirect.fr/hygiène-beauté/corps/lait-corps-karité-7jours/id1/492/91241"><img src="http://www.refonte.auchandirect.fr/static/images/products/line/91241.jpg" alt="" class="produit "/></a><div class="picto"><span class="invisible"></span></div><div class="boutons-produit"><a id="addProductToBasket_47" onclick="javascript:Tapestry.waitForPage(event);" title="Ajouter au panier" class="bt-produit-ajout-panier" href="http://www.refonte.auchandirect.fr/rayon.productgridorlist.productlist_1.thumbnailproduct_0.addproducttobasket/91241?t:ac=492">Ajouter au panier</a><a id="addProductToShoppingList_81" onclick="javascript:Tapestry.waitForPage(event);" title="Ajouter à ma liste" class="bt-produit-ajout-liste" href="http://www.refonte.auchandirect.fr/rayon.productgridorlist.productlist_1.thumbnailproduct_0.addproducttoshoppinglist/91241?t:ac=492">Ajouter à ma liste</a></div><div class="infos-produit-1"><div class="prix-actuel"><span>4.83€</span></div></div><div class="infos-produit-2"><a title="Voir le produit" href="http://www.refonte.auchandirect.fr/hygiène-beauté/corps/lait-corps-karité-7jours/id1/492/91241"><h2>GARNIER</h2><h4>Lait corps karité 7jours</h4><h4></h4><p>
250 ml
<br/>
19.32€/l
</p></a></div><div class="mini_picto_bas"></div></div></div></td><td><!-- PL : ici --><div class="bloc-produit  bientot-dispo"><div class="bloc-produit-content"><a title="Voir le produit" href="http://www.refonte.auchandirect.fr/hygiène-beauté/corps/gel-à-raser-peaux-sensibles/id1/492/58722"><img src="http://www.refonte.auchandirect.fr/static/images/products/line/58722.jpg" alt="" class="produit "/></a><div class="picto"><span class="invisible"></span></div><div class="boutons-produit"><a class="bt-produit-ajout-panier disable" title="Bientôt disponible" href="javascript:void(0)">Bientôt disponible</a><a id="addProductToShoppingList_82" onclick="javascript:Tapestry.waitForPage(event);" title="Ajouter à ma liste" class="bt-produit-ajout-liste" href="http://www.refonte.auchandirect.fr/rayon.productgridorlist.productlist_1.thumbnailproduct_0.addproducttoshoppinglist/58722?t:ac=492">Ajouter à ma liste</a></div><div class="infos-produit-1"><div class="prix-actuel"><span>3.52€</span></div></div><div class="infos-produit-2"><a title="Voir le produit" href="http://www.refonte.auchandirect.fr/hygiène-beauté/corps/gel-à-raser-peaux-sensibles/id1/492/58722"><h2>GILLETTE</h2><h4>Gel à raser peaux sensibles</h4><h4>Women satincare</h4><p>
200 ml
<br/>
17.60€/l
</p></a></div><div class="mini_picto_bas"></div></div></div></td></tr><tr><td><!-- PL : ici --><div class="bloc-produit nouveaute bientot-dispo"><div class="bloc-produit-content"><a title="Voir le produit" href="../lames-%25C3%25A0-raser/id1/492/46302.html"><img src="http://www.refonte.auchandirect.fr/static/images/products/line/46302.jpg" alt="" class="produit "/></a><div class="picto"><span class="invisible"></span></div><img alt="nouveauté" src="http://www.refonte.auchandirect.fr/static/images/ruban-nouveaute_small.png" class="ruban"/><div class="boutons-produit"><a class="bt-produit-ajout-panier disable" title="Bientôt disponible" href="javascript:void(0)">Bientôt disponible</a><a id="addProductToShoppingList_83" onclick="javascript:Tapestry.waitForPage(event);" title="Ajouter à ma liste" class="bt-produit-ajout-liste" href="http://www.refonte.auchandirect.fr/rayon.productgridorlist.productlist_1.thumbnailproduct_0.addproducttoshoppinglist/46302?t:ac=492">Ajouter à ma liste</a></div><div class="infos-produit-1"><div class="prix-actuel"><span>12.68€</span></div></div><div class="infos-produit-2"><a title="Voir le produit" href="../lames-%25C3%25A0-raser/id1/492/46302.html"><h2>GILLETTE</h2><h4>Lames à raser</h4><h4>Breeze</h4><p>
4 pièces
<br/>
3.17€/pièce
</p></a></div><div class="mini_picto_bas"></div></div></div></td><td><!-- PL : ici --><div class="bloc-produit "><div class="bloc-produit-content"><a title="Voir le produit" href="http://www.refonte.auchandirect.fr/hygiène-beauté/corps/rasoirs-jetables-pour-femmes/id1/492/39897"><img src="http://www.refonte.auchandirect.fr/static/images/products/line/39897.jpg" alt="" class="produit "/></a><div class="picto"><span class="invisible"></span></div><div class="boutons-produit"><a id="addProductToBasket_48" onclick="javascript:Tapestry.waitForPage(event);" title="Ajouter au panier" class="bt-produit-ajout-panier" href="http://www.refonte.auchandirect.fr/rayon.productgridorlist.productlist_1.thumbnailproduct_0.addproducttobasket/39897?t:ac=492">Ajouter au panier</a><a id="addProductToShoppingList_84" onclick="javascript:Tapestry.waitForPage(event);" title="Ajouter à ma liste" class="bt-produit-ajout-liste" href="http://www.refonte.auchandirect.fr/rayon.productgridorlist.productlist_1.thumbnailproduct_0.addproducttoshoppinglist/39897?t:ac=492">Ajouter à ma liste</a></div><div class="infos-produit-1"><div class="prix-actuel"><span>5.08€</span></div></div><div class="infos-produit-2"><a title="Voir le produit" href="http://www.refonte.auchandirect.fr/hygiène-beauté/corps/rasoirs-jetables-pour-femmes/id1/492/39897"><h2>GILLETTE</h2><h4>Rasoirs jetables pour femmes</h4><h4>Blue II plus</h4><p>
10 pièces
<br/>
0.51€/pièce
</p></a></div><div class="mini_picto_bas"></div></div></div></td><td><!-- PL : ici --><div class="bloc-produit "><div class="bloc-produit-content"><a title="Voir le produit" href="http://www.refonte.auchandirect.fr/hygiène-beauté/corps/rasoir-3-lames-pour-femme/id1/492/37344"><img src="http://www.refonte.auchandirect.fr/static/images/products/line/37344.jpg" alt="" class="produit "/></a><div class="picto"><span class="invisible"></span></div><div class="boutons-produit"><a id="addProductToBasket_49" onclick="javascript:Tapestry.waitForPage(event);" title="Ajouter au panier" class="bt-produit-ajout-panier" href="http://www.refonte.auchandirect.fr/rayon.productgridorlist.productlist_1.thumbnailproduct_0.addproducttobasket/37344?t:ac=492">Ajouter au panier</a><a id="addProductToShoppingList_85" onclick="javascript:Tapestry.waitForPage(event);" title="Ajouter à ma liste" class="bt-produit-ajout-liste" href="http://www.refonte.auchandirect.fr/rayon.productgridorlist.productlist_1.thumbnailproduct_0.addproducttoshoppinglist/37344?t:ac=492">Ajouter à ma liste</a></div><div class="infos-produit-1"><div class="prix-actuel"><span>10.69€</span></div></div><div class="infos-produit-2"><a title="Voir le produit" href="http://www.refonte.auchandirect.fr/hygiène-beauté/corps/rasoir-3-lames-pour-femme/id1/492/37344"><h2>GILLETTE</h2><h4>Rasoir 3 lames pour femme</h4><h4>Venus Breeze</h4><p>
1 pièce
<br/>
10.69€/pièce
</p></a></div><div class="mini_picto_bas"></div></div></div></td></tr><tr><td><!-- PL : ici --><div class="bloc-produit "><div class="bloc-produit-content"><a title="Voir le produit" href="http://www.refonte.auchandirect.fr/hygiène-beauté/corps/gel-de-toilette-intime-doux/id1/492/20777"><img src="http://www.refonte.auchandirect.fr/static/images/products/line/20777.jpg" alt="" class="produit "/></a><div class="picto"><span class="invisible"></span></div><div class="boutons-produit"><a id="addProductToBasket_50" onclick="javascript:Tapestry.waitForPage(event);" title="Ajouter au panier" class="bt-produit-ajout-panier" href="http://www.refonte.auchandirect.fr/rayon.productgridorlist.productlist_1.thumbnailproduct_0.addproducttobasket/20777?t:ac=492">Ajouter au panier</a><a id="addProductToShoppingList_86" onclick="javascript:Tapestry.waitForPage(event);" title="Ajouter à ma liste" class="bt-produit-ajout-liste" href="http://www.refonte.auchandirect.fr/rayon.productgridorlist.productlist_1.thumbnailproduct_0.addproducttoshoppinglist/20777?t:ac=492">Ajouter à ma liste</a></div><div class="infos-produit-1"><div class="prix-actuel"><span>7.08€</span></div></div><div class="infos-produit-2"><a title="Voir le produit" href="http://www.refonte.auchandirect.fr/hygiène-beauté/corps/gel-de-toilette-intime-doux/id1/492/20777"><h2>INTIMA</h2><h4>Gel de toilette intime doux</h4><h4>Fleur de lotus</h4><p>
500 ml
<br/>
14.16€/l
</p></a></div><div class="mini_picto_bas"></div></div></div></td><td><!-- PL : ici --><div class="bloc-produit "><div class="bloc-produit-content"><a title="Voir le produit" href="http://www.refonte.auchandirect.fr/hygiène-beauté/corps/lingettes-hygiène-intime/id1/492/40368"><img src="http://www.refonte.auchandirect.fr/static/images/products/line/40368.jpg" alt="" class="produit "/></a><div class="picto"><span class="invisible"></span></div><div class="boutons-produit"><a id="addProductToBasket_51" onclick="javascript:Tapestry.waitForPage(event);" title="Ajouter au panier" class="bt-produit-ajout-panier" href="http://www.refonte.auchandirect.fr/rayon.productgridorlist.productlist_1.thumbnailproduct_0.addproducttobasket/40368?t:ac=492">Ajouter au panier</a><a id="addProductToShoppingList_87" onclick="javascript:Tapestry.waitForPage(event);" title="Ajouter à ma liste" class="bt-produit-ajout-liste" href="http://www.refonte.auchandirect.fr/rayon.productgridorlist.productlist_1.thumbnailproduct_0.addproducttoshoppinglist/40368?t:ac=492">Ajouter à ma liste</a></div><div class="infos-produit-1"><div class="prix-actuel"><span>3.16€</span></div></div><div class="infos-produit-2"><a title="Voir le produit" href="http://www.refonte.auchandirect.fr/hygiène-beauté/corps/lingettes-hygiène-intime/id1/492/40368"><h2>INTIMA</h2><h4>Lingettes hygiène intime</h4><h4></h4><p>
x 20
<br/>
3.16€/pièce
</p></a></div><div class="mini_picto_bas"></div></div></div></td><td><!-- PL : ici --><div class="bloc-produit "><div class="bloc-produit-content"><a title="Voir le produit" href="http://www.refonte.auchandirect.fr/hygiène-beauté/corps/gel-minceur-tensiofluide/id1/492/55765"><img src="http://www.refonte.auchandirect.fr/static/images/products/line/55765.jpg" alt="" class="produit "/></a><div class="picto"><span class="invisible"></span></div><div class="boutons-produit"><a id="addProductToBasket_52" onclick="javascript:Tapestry.waitForPage(event);" title="Ajouter au panier" class="bt-produit-ajout-panier" href="http://www.refonte.auchandirect.fr/rayon.productgridorlist.productlist_1.thumbnailproduct_0.addproducttobasket/55765?t:ac=492">Ajouter au panier</a><a id="addProductToShoppingList_88" onclick="javascript:Tapestry.waitForPage(event);" title="Ajouter à ma liste" class="bt-produit-ajout-liste" href="http://www.refonte.auchandirect.fr/rayon.productgridorlist.productlist_1.thumbnailproduct_0.addproducttoshoppinglist/55765?t:ac=492">Ajouter à ma liste</a></div><div class="infos-produit-1"><div class="prix-actuel"><span>19.87€</span></div></div><div class="infos-produit-2"><a title="Voir le produit" href="http://www.refonte.auchandirect.fr/hygiène-beauté/corps/gel-minceur-tensiofluide/id1/492/55765"><h2>JUVABIO</h2><h4>Gel minceur tensiofluide</h4><h4>Tensiofluide</h4><p>
100 ml
<br/>
198.70€/l
</p></a></div><div class="mini_picto_bas"><img src="http://www.refonte.auchandirect.fr/static/images/AB_small.jpg"/></div></div></div></td></tr><tr><td><!-- PL : ici --><div class="bloc-produit "><div class="bloc-produit-content"><a title="Voir le produit" href="http://www.refonte.auchandirect.fr/hygiène-beauté/corps/crème-anti-cellulite/id1/492/55766"><img src="http://www.refonte.auchandirect.fr/static/images/products/line/55766.jpg" alt="" class="produit "/></a><div class="picto"><span class="invisible"></span></div><div class="boutons-produit"><a id="addProductToBasket_53" onclick="javascript:Tapestry.waitForPage(event);" title="Ajouter au panier" class="bt-produit-ajout-panier" href="http://www.refonte.auchandirect.fr/rayon.productgridorlist.productlist_1.thumbnailproduct_0.addproducttobasket/55766?t:ac=492">Ajouter au panier</a><a id="addProductToShoppingList_89" onclick="javascript:Tapestry.waitForPage(event);" title="Ajouter à ma liste" class="bt-produit-ajout-liste" href="http://www.refonte.auchandirect.fr/rayon.productgridorlist.productlist_1.thumbnailproduct_0.addproducttoshoppinglist/55766?t:ac=492">Ajouter à ma liste</a></div><div class="infos-produit-1"><div class="prix-actuel"><span>20.86€</span></div></div><div class="infos-produit-2"><a title="Voir le produit" href="http://www.refonte.auchandirect.fr/hygiène-beauté/corps/crème-anti-cellulite/id1/492/55766"><h2>JUVABIO</h2><h4>Crème anti-cellulite</h4><h4></h4><p>
200 ml
<br/>
104.30€/l
</p></a></div><div class="mini_picto_bas"><img src="http://www.refonte.auchandirect.fr/static/images/AB_small.jpg"/></div></div></div></td><td><!-- PL : ici --><div class="bloc-produit  bientot-dispo"><div class="bloc-produit-content"><a title="Voir le produit" href="http://www.refonte.auchandirect.fr/hygiène-beauté/corps/soin-très-nourissant-corps/id1/492/55827"><img src="http://www.refonte.auchandirect.fr/static/images/products/line/55827.jpg" alt="" class="produit "/></a><div class="picto"><span class="invisible"></span></div><div class="boutons-produit"><a class="bt-produit-ajout-panier disable" title="Bientôt disponible" href="javascript:void(0)">Bientôt disponible</a><a id="addProductToShoppingList_90" onclick="javascript:Tapestry.waitForPage(event);" title="Ajouter à ma liste" class="bt-produit-ajout-liste" href="http://www.refonte.auchandirect.fr/rayon.productgridorlist.productlist_1.thumbnailproduct_0.addproducttoshoppinglist/55827?t:ac=492">Ajouter à ma liste</a></div><div class="infos-produit-1"><div class="prix-actuel"><span>11.81€</span></div></div><div class="infos-produit-2"><a title="Voir le produit" href="http://www.refonte.auchandirect.fr/hygiène-beauté/corps/soin-très-nourissant-corps/id1/492/55827"><h2>JUVABIO</h2><h4>Soin très nourissant corps</h4><h4></h4><p>
1 pièce
<br/>
11.81€/pièce
</p></a></div><div class="mini_picto_bas"><img src="http://www.refonte.auchandirect.fr/static/images/AB_small.jpg"/></div></div></div></td><td><!-- PL : ici --><div class="bloc-produit "><div class="bloc-produit-content"><a title="Voir le produit" href="http://www.refonte.auchandirect.fr/hygiène-beauté/corps/gellules-peaux-cheveux-ongles-x-40/id1/492/25200"><img src="http://www.refonte.auchandirect.fr/static/images/products/line/25200.jpg" alt="" class="produit "/></a><div class="picto"><span class="invisible"></span></div><div class="boutons-produit"><a id="addProductToBasket_54" onclick="javascript:Tapestry.waitForPage(event);" title="Ajouter au panier" class="bt-produit-ajout-panier" href="http://www.refonte.auchandirect.fr/rayon.productgridorlist.productlist_1.thumbnailproduct_0.addproducttobasket/25200?t:ac=492">Ajouter au panier</a><a id="addProductToShoppingList_91" onclick="javascript:Tapestry.waitForPage(event);" title="Ajouter à ma liste" class="bt-produit-ajout-liste" href="http://www.refonte.auchandirect.fr/rayon.productgridorlist.productlist_1.thumbnailproduct_0.addproducttoshoppinglist/25200?t:ac=492">Ajouter à ma liste</a></div><div class="infos-produit-1"><div class="prix-actuel"><span>8.36€</span></div></div><div class="infos-produit-2"><a title="Voir le produit" href="http://www.refonte.auchandirect.fr/hygiène-beauté/corps/gellules-peaux-cheveux-ongles-x-40/id1/492/25200"><h2>JUVAMINE</h2><h4>Gellules peaux cheveux ongles x 40</h4><h4></h4><p>
1 pièce
<br/>
0.21€/pièce
</p></a></div><div class="mini_picto_bas"></div></div></div></td></tr><tr><td><!-- PL : ici --><div class="bloc-produit "><div class="bloc-produit-content"><a title="Voir le produit" href="http://www.refonte.auchandirect.fr/hygiène-beauté/papier,-parapharmacie/vitamines-solaire-x-45/id1/494/12048"><img src="http://www.refonte.auchandirect.fr/static/images/products/line/12048.jpg" alt="" class="produit "/></a><div class="picto"><span class="invisible"></span></div><div class="boutons-produit"><a id="addProductToBasket_55" onclick="javascript:Tapestry.waitForPage(event);" title="Ajouter au panier" class="bt-produit-ajout-panier" href="http://www.refonte.auchandirect.fr/rayon.productgridorlist.productlist_1.thumbnailproduct_0.addproducttobasket/12048?t:ac=492">Ajouter au panier</a><a id="addProductToShoppingList_92" onclick="javascript:Tapestry.waitForPage(event);" title="Ajouter à ma liste" class="bt-produit-ajout-liste" href="http://www.refonte.auchandirect.fr/rayon.productgridorlist.productlist_1.thumbnailproduct_0.addproducttoshoppinglist/12048?t:ac=492">Ajouter à ma liste</a></div><div class="infos-produit-1"><div class="prix-actuel"><span>7.04€</span></div></div><div class="infos-produit-2"><a title="Voir le produit" href="http://www.refonte.auchandirect.fr/hygiène-beauté/papier,-parapharmacie/vitamines-solaire-x-45/id1/494/12048"><h2>JUVAMINE</h2><h4>Vitamines Solaire x 45</h4><h4>Solaire</h4><p>
1 pièce
<br/>
0.16€/pièce
</p></a></div><div class="mini_picto_bas"></div></div></div></td><td><!-- PL : ici --><div class="bloc-produit  bientot-dispo"><div class="bloc-produit-content"><a title="Voir le produit" href="http://www.refonte.auchandirect.fr/hygiène-beauté/corps/savon-glycérine/id1/492/52609"><img src="http://www.refonte.auchandirect.fr/static/images/products/line/52609.jpg" alt="" class="produit "/></a><div class="picto"><span class="invisible"></span></div><div class="boutons-produit"><a class="bt-produit-ajout-panier disable" title="Bientôt disponible" href="javascript:void(0)">Bientôt disponible</a><a id="addProductToShoppingList_93" onclick="javascript:Tapestry.waitForPage(event);" title="Ajouter à ma liste" class="bt-produit-ajout-liste" href="http://www.refonte.auchandirect.fr/rayon.productgridorlist.productlist_1.thumbnailproduct_0.addproducttoshoppinglist/52609?t:ac=492">Ajouter à ma liste</a></div><div class="infos-produit-1"><div class="prix-actuel"><span>4.15€</span></div></div><div class="infos-produit-2"><a title="Voir le produit" href="http://www.refonte.auchandirect.fr/hygiène-beauté/corps/savon-glycérine/id1/492/52609"><h2>LE CHAT</h2><h4>Savon glycérine</h4><h4></h4><p>
6 x 100 g
<br/>
6.92€/kg
</p></a></div><div class="mini_picto_bas"></div></div></div></td><td><!-- PL : ici --><div class="bloc-produit "><div class="bloc-produit-content"><a title="Voir le produit" href="http://www.refonte.auchandirect.fr/hygiène-beauté/corps/gel-douche/id1/492/1538"><img src="http://www.refonte.auchandirect.fr/static/images/products/line/1538.jpg" alt="" class="produit "/></a><div class="picto"><span class="invisible"></span></div><div class="boutons-produit"><a id="addProductToBasket_56" onclick="javascript:Tapestry.waitForPage(event);" title="Ajouter au panier" class="bt-produit-ajout-panier" href="http://www.refonte.auchandirect.fr/rayon.productgridorlist.productlist_1.thumbnailproduct_0.addproducttobasket/1538?t:ac=492">Ajouter au panier</a><a id="addProductToShoppingList_94" onclick="javascript:Tapestry.waitForPage(event);" title="Ajouter à ma liste" class="bt-produit-ajout-liste" href="http://www.refonte.auchandirect.fr/rayon.productgridorlist.productlist_1.thumbnailproduct_0.addproducttoshoppinglist/1538?t:ac=492">Ajouter à ma liste</a></div><div class="infos-produit-1"><div class="prix-actuel"><span>2.58€</span></div></div><div class="infos-produit-2"><a title="Voir le produit" href="http://www.refonte.auchandirect.fr/hygiène-beauté/corps/gel-douche/id1/492/1538"><h2>LE PETIT MARSEILLAIS</h2><h4>Gel douche</h4><h4>Verveine citron</h4><p>
250 ml
<br/>
10.32€/l
</p></a></div><div class="mini_picto_bas"></div></div></div></td></tr><tr><td><!-- PL : ici --><div class="bloc-produit  bientot-dispo"><div class="bloc-produit-content"><a title="Voir le produit" href="http://www.refonte.auchandirect.fr/hygiène-beauté/corps/gel-douche/id1/492/42690"><img src="http://www.refonte.auchandirect.fr/static/images/products/line/42690.jpg" alt="" class="produit "/></a><div class="picto"><span class="invisible"></span></div><div class="boutons-produit"><a class="bt-produit-ajout-panier disable" title="Bientôt disponible" href="javascript:void(0)">Bientôt disponible</a><a id="addProductToShoppingList_95" onclick="javascript:Tapestry.waitForPage(event);" title="Ajouter à ma liste" class="bt-produit-ajout-liste" href="http://www.refonte.auchandirect.fr/rayon.productgridorlist.productlist_1.thumbnailproduct_0.addproducttoshoppinglist/42690?t:ac=492">Ajouter à ma liste</a></div><div class="infos-produit-1"><div class="prix-actuel"><span>2.68€</span></div></div><div class="infos-produit-2"><a title="Voir le produit" href="http://www.refonte.auchandirect.fr/hygiène-beauté/corps/gel-douche/id1/492/42690"><h2>LE PETIT MARSEILLAIS</h2><h4>Gel douche</h4><h4>Pin et criste marine</h4><p>
300 ml
<br/>
8.93€/l
</p></a></div><div class="mini_picto_bas"></div></div></div></td><td><!-- PL : ici --><div class="bloc-produit  bientot-dispo"><div class="bloc-produit-content"><a title="Voir le produit" href="http://www.refonte.auchandirect.fr/hygiène-beauté/corps/gel-douche-extra-doux/id1/492/48062"><img src="http://www.refonte.auchandirect.fr/static/images/products/line/48062.jpg" alt="" class="produit "/></a><div class="picto"><span class="invisible"></span></div><div class="boutons-produit"><a class="bt-produit-ajout-panier disable" title="Bientôt disponible" href="javascript:void(0)">Bientôt disponible</a><a id="addProductToShoppingList_96" onclick="javascript:Tapestry.waitForPage(event);" title="Ajouter à ma liste" class="bt-produit-ajout-liste" href="http://www.refonte.auchandirect.fr/rayon.productgridorlist.productlist_1.thumbnailproduct_0.addproducttoshoppinglist/48062?t:ac=492">Ajouter à ma liste</a></div><div class="infos-produit-1"><div class="prix-actuel"><span>2.48€</span></div></div><div class="infos-produit-2"><a title="Voir le produit" href="http://www.refonte.auchandirect.fr/hygiène-beauté/corps/gel-douche-extra-doux/id1/492/48062"><h2>LE PETIT MARSEILLAIS</h2><h4>Gel douche extra doux</h4><h4>Lilas</h4><p>
250 ml
<br/>
9.92€/l
</p></a></div><div class="mini_picto_bas"></div></div></div></td><td><!-- PL : ici --><div class="bloc-produit "><div class="bloc-produit-content"><a title="Voir le produit" href="http://www.refonte.auchandirect.fr/hygiène-beauté/corps/gel-douche-crème/id1/492/6087"><img src="http://www.refonte.auchandirect.fr/static/images/products/line/6087.jpg" alt="" class="produit "/></a><div class="picto"><span class="invisible"></span></div><div class="boutons-produit"><a id="addProductToBasket_57" onclick="javascript:Tapestry.waitForPage(event);" title="Ajouter au panier" class="bt-produit-ajout-panier" href="http://www.refonte.auchandirect.fr/rayon.productgridorlist.productlist_1.thumbnailproduct_0.addproducttobasket/6087?t:ac=492">Ajouter au panier</a><a id="addProductToShoppingList_97" onclick="javascript:Tapestry.waitForPage(event);" title="Ajouter à ma liste" class="bt-produit-ajout-liste" href="http://www.refonte.auchandirect.fr/rayon.productgridorlist.productlist_1.thumbnailproduct_0.addproducttoshoppinglist/6087?t:ac=492">Ajouter à ma liste</a></div><div class="infos-produit-1"><div class="prix-actuel"><span>2.47€</span></div></div><div class="infos-produit-2"><a title="Voir le produit" href="http://www.refonte.auchandirect.fr/hygiène-beauté/corps/gel-douche-crème/id1/492/6087"><h2>LE PETIT MARSEILLAIS</h2><h4>Gel douche crème</h4><h4>Lait de vanille</h4><p>
250 ml
<br/>
9.88€/l
</p></a></div><div class="mini_picto_bas"></div></div></div></td></tr><tr><td><!-- PL : ici --><div class="bloc-produit  bientot-dispo"><div class="bloc-produit-content"><a title="Voir le produit" href="http://www.refonte.auchandirect.fr/hygiène-beauté/corps/gel-douche-hydratant/id1/492/9445"><img src="http://www.refonte.auchandirect.fr/static/images/products/line/9445.jpg" alt="" class="produit "/></a><div class="picto"><span class="invisible"></span></div><div class="boutons-produit"><a class="bt-produit-ajout-panier disable" title="Bientôt disponible" href="javascript:void(0)">Bientôt disponible</a><a id="addProductToShoppingList_98" onclick="javascript:Tapestry.waitForPage(event);" title="Ajouter à ma liste" class="bt-produit-ajout-liste" href="http://www.refonte.auchandirect.fr/rayon.productgridorlist.productlist_1.thumbnailproduct_0.addproducttoshoppinglist/9445?t:ac=492">Ajouter à ma liste</a></div><div class="infos-produit-1"><div class="prix-actuel"><span>2.46€</span></div></div><div class="infos-produit-2"><a title="Voir le produit" href="http://www.refonte.auchandirect.fr/hygiène-beauté/corps/gel-douche-hydratant/id1/492/9445"><h2>LE PETIT MARSEILLAIS</h2><h4>Gel douche hydratant</h4><h4>Amande douce</h4><p>
250 ml
<br/>
9.84€/l
</p></a></div><div class="mini_picto_bas"></div></div></div></td><td><!-- PL : ici --><div class="bloc-produit  bientot-dispo"><div class="bloc-produit-content"><a title="Voir le produit" href="http://www.refonte.auchandirect.fr/hygiène-beauté/corps/gel-douche/id1/492/14514"><img src="http://www.refonte.auchandirect.fr/static/images/products/line/14514.jpg" alt="" class="produit "/></a><div class="picto"><span class="invisible"></span></div><div class="boutons-produit"><a class="bt-produit-ajout-panier disable" title="Bientôt disponible" href="javascript:void(0)">Bientôt disponible</a><a id="addProductToShoppingList_99" onclick="javascript:Tapestry.waitForPage(event);" title="Ajouter à ma liste" class="bt-produit-ajout-liste" href="http://www.refonte.auchandirect.fr/rayon.productgridorlist.productlist_1.thumbnailproduct_0.addproducttoshoppinglist/14514?t:ac=492">Ajouter à ma liste</a></div><div class="infos-produit-1"><div class="prix-actuel"><span>2.55€</span></div></div><div class="infos-produit-2"><a title="Voir le produit" href="http://www.refonte.auchandirect.fr/hygiène-beauté/corps/gel-douche/id1/492/14514"><h2>LE PETIT MARSEILLAIS</h2><h4>Gel douche</h4><h4></h4><p>
250 ml
<br/>
10.20€/l
</p></a></div><div class="mini_picto_bas"></div></div></div></td><td><!-- PL : ici --><div class="bloc-produit "><div class="bloc-produit-content"><a title="Voir le produit" href="http://www.refonte.auchandirect.fr/hygiène-beauté/corps/crème-douche-hydratante/id1/492/34157"><img src="http://www.refonte.auchandirect.fr/static/images/products/line/34157.jpg" alt="" class="produit "/></a><div class="picto"><span class="invisible"></span></div><div class="boutons-produit"><a id="addProductToBasket_58" onclick="javascript:Tapestry.waitForPage(event);" title="Ajouter au panier" class="bt-produit-ajout-panier" href="http://www.refonte.auchandirect.fr/rayon.productgridorlist.productlist_1.thumbnailproduct_0.addproducttobasket/34157?t:ac=492">Ajouter au panier</a><a id="addProductToShoppingList_100" onclick="javascript:Tapestry.waitForPage(event);" title="Ajouter à ma liste" class="bt-produit-ajout-liste" href="http://www.refonte.auchandirect.fr/rayon.productgridorlist.productlist_1.thumbnailproduct_0.addproducttoshoppinglist/34157?t:ac=492">Ajouter à ma liste</a></div><div class="infos-produit-1"><div class="prix-actuel"><span>2.57€</span></div></div><div class="infos-produit-2"><a title="Voir le produit" href="http://www.refonte.auchandirect.fr/hygiène-beauté/corps/crème-douche-hydratante/id1/492/34157"><h2>LE PETIT MARSEILLAIS</h2><h4>Crème douche hydratante</h4><h4>Fleur d'oranger</h4><p>
250 ml
<br/>
10.28€/l
</p></a></div><div class="mini_picto_bas"></div></div></div></td></tr><tr><td><!-- PL : ici --><div class="bloc-produit  bientot-dispo"><div class="bloc-produit-content"><a title="Voir le produit" href="http://www.refonte.auchandirect.fr/hygiène-beauté/corps/gel-douche-crème/id1/492/60493"><img src="http://www.refonte.auchandirect.fr/static/images/products/line/60493.jpg" alt="" class="produit "/></a><div class="picto"><span class="invisible"></span></div><div class="boutons-produit"><a class="bt-produit-ajout-panier disable" title="Bientôt disponible" href="javascript:void(0)">Bientôt disponible</a><a id="addProductToShoppingList_101" onclick="javascript:Tapestry.waitForPage(event);" title="Ajouter à ma liste" class="bt-produit-ajout-liste" href="http://www.refonte.auchandirect.fr/rayon.productgridorlist.productlist_1.thumbnailproduct_0.addproducttoshoppinglist/60493?t:ac=492">Ajouter à ma liste</a></div><div class="infos-produit-1"><div class="prix-actuel"><span>2.83€</span></div></div><div class="infos-produit-2"><a title="Voir le produit" href="http://www.refonte.auchandirect.fr/hygiène-beauté/corps/gel-douche-crème/id1/492/60493"><h2>LE PETIT MARSEILLAIS</h2><h4>Gel douche crème</h4><h4>Framboise pivoine</h4><p>
300 ml
<br/>
9.43€/l
</p></a></div><div class="mini_picto_bas"></div></div></div></td><td><!-- PL : ici --><div class="bloc-produit  bientot-dispo"><div class="bloc-produit-content"><a title="Voir le produit" href="http://www.refonte.auchandirect.fr/hygiène-beauté/corps/gel-douche-crème/id1/492/60496"><img src="http://www.refonte.auchandirect.fr/static/images/products/line/60496.jpg" alt="" class="produit "/></a><div class="picto"><span class="invisible"></span></div><div class="boutons-produit"><a class="bt-produit-ajout-panier disable" title="Bientôt disponible" href="javascript:void(0)">Bientôt disponible</a><a id="addProductToShoppingList_102" onclick="javascript:Tapestry.waitForPage(event);" title="Ajouter à ma liste" class="bt-produit-ajout-liste" href="http://www.refonte.auchandirect.fr/rayon.productgridorlist.productlist_1.thumbnailproduct_0.addproducttoshoppinglist/60496?t:ac=492">Ajouter à ma liste</a></div><div class="infos-produit-1"><div class="prix-actuel"><span>2.96€</span></div></div><div class="infos-produit-2"><a title="Voir le produit" href="http://www.refonte.auchandirect.fr/hygiène-beauté/corps/gel-douche-crème/id1/492/60496"><h2>LE PETIT MARSEILLAIS</h2><h4>Gel douche crème</h4><h4>Karité</h4><p>
250 ml
<br/>
11.84€/l
</p></a></div><div class="mini_picto_bas"></div></div></div></td><td><!-- PL : ici --><div class="bloc-produit "><div class="bloc-produit-content"><a title="Voir le produit" href="http://www.refonte.auchandirect.fr/hygiène-beauté/corps/gel-douche-crème-nourrissante/id1/492/60494"><img src="http://www.refonte.auchandirect.fr/static/images/products/line/60494.jpg" alt="" class="produit "/></a><div class="picto"><span class="invisible"></span></div><div class="boutons-produit"><a id="addProductToBasket_59" onclick="javascript:Tapestry.waitForPage(event);" title="Ajouter au panier" class="bt-produit-ajout-panier" href="http://www.refonte.auchandirect.fr/rayon.productgridorlist.productlist_1.thumbnailproduct_0.addproducttobasket/60494?t:ac=492">Ajouter au panier</a><a id="addProductToShoppingList_103" onclick="javascript:Tapestry.waitForPage(event);" title="Ajouter à ma liste" class="bt-produit-ajout-liste" href="http://www.refonte.auchandirect.fr/rayon.productgridorlist.productlist_1.thumbnailproduct_0.addproducttoshoppinglist/60494?t:ac=492">Ajouter à ma liste</a></div><div class="infos-produit-1"><div class="prix-actuel"><span>2.89€</span></div></div><div class="infos-produit-2"><a title="Voir le produit" href="http://www.refonte.auchandirect.fr/hygiène-beauté/corps/gel-douche-crème-nourrissante/id1/492/60494"><h2>LE PETIT MARSEILLAIS</h2><h4>Gel douche crème nourrissante</h4><h4>Huile d'argan</h4><p>
250 ml
<br/>
11.56€/l
</p></a></div><div class="mini_picto_bas"></div></div></div></td></tr><tr><td><!-- PL : ici --><div class="bloc-produit  bientot-dispo"><div class="bloc-produit-content"><a title="Voir le produit" href="http://www.refonte.auchandirect.fr/hygiène-beauté/corps/bain-moussant-nourrissant/id1/492/1107"><img src="http://www.refonte.auchandirect.fr/static/images/products/line/1107.jpg" alt="" class="produit "/></a><div class="picto"><span class="invisible"></span></div><div class="boutons-produit"><a class="bt-produit-ajout-panier disable" title="Bientôt disponible" href="javascript:void(0)">Bientôt disponible</a><a id="addProductToShoppingList_104" onclick="javascript:Tapestry.waitForPage(event);" title="Ajouter à ma liste" class="bt-produit-ajout-liste" href="http://www.refonte.auchandirect.fr/rayon.productgridorlist.productlist_1.thumbnailproduct_0.addproducttoshoppinglist/1107?t:ac=492">Ajouter à ma liste</a></div><div class="infos-produit-1"><div class="prix-actuel"><span>4.10€</span></div></div><div class="infos-produit-2"><a title="Voir le produit" href="http://www.refonte.auchandirect.fr/hygiène-beauté/corps/bain-moussant-nourrissant/id1/492/1107"><h2>LE PETIT MARSEILLAIS</h2><h4>Bain moussant nourrissant</h4><h4>Vanille</h4><p>
500 ml
<br/>
8.20€/l
</p></a></div><div class="mini_picto_bas"></div></div></div></td><td><!-- PL : ici --><div class="bloc-produit "><div class="bloc-produit-content"><a title="Voir le produit" href="http://www.refonte.auchandirect.fr/hygiène-beauté/corps/bain-moussant-relaxant/id1/492/100267"><img src="http://www.refonte.auchandirect.fr/static/images/products/line/100267.jpg" alt="" class="produit "/></a><div class="picto"><span class="invisible"></span></div><div class="boutons-produit"><a id="addProductToBasket_60" onclick="javascript:Tapestry.waitForPage(event);" title="Ajouter au panier" class="bt-produit-ajout-panier" href="http://www.refonte.auchandirect.fr/rayon.productgridorlist.productlist_1.thumbnailproduct_0.addproducttobasket/100267?t:ac=492">Ajouter au panier</a><a id="addProductToShoppingList_105" onclick="javascript:Tapestry.waitForPage(event);" title="Ajouter à ma liste" class="bt-produit-ajout-liste" href="http://www.refonte.auchandirect.fr/rayon.productgridorlist.productlist_1.thumbnailproduct_0.addproducttoshoppinglist/100267?t:ac=492">Ajouter à ma liste</a></div><div class="infos-produit-1"><div class="prix-actuel"><span>4.10€</span></div></div><div class="infos-produit-2"><a title="Voir le produit" href="http://www.refonte.auchandirect.fr/hygiène-beauté/corps/bain-moussant-relaxant/id1/492/100267"><h2>LE PETIT MARSEILLAIS</h2><h4>Bain moussant relaxant</h4><h4></h4><p>
500 ml
<br/>
8.20€/l
</p></a></div><div class="mini_picto_bas"></div></div></div></td><td><!-- PL : ici --><div class="bloc-produit "><div class="bloc-produit-content"><a title="Voir le produit" href="http://www.refonte.auchandirect.fr/hygiène-beauté/corps/savon-liquide/id1/492/7408"><img src="http://www.refonte.auchandirect.fr/static/images/products/line/7408.jpg" alt="" class="produit "/></a><div class="picto"><span class="invisible"></span></div><div class="boutons-produit"><a id="addProductToBasket_61" onclick="javascript:Tapestry.waitForPage(event);" title="Ajouter au panier" class="bt-produit-ajout-panier" href="http://www.refonte.auchandirect.fr/rayon.productgridorlist.productlist_1.thumbnailproduct_0.addproducttobasket/7408?t:ac=492">Ajouter au panier</a><a id="addProductToShoppingList_106" onclick="javascript:Tapestry.waitForPage(event);" title="Ajouter à ma liste" class="bt-produit-ajout-liste" href="http://www.refonte.auchandirect.fr/rayon.productgridorlist.productlist_1.thumbnailproduct_0.addproducttoshoppinglist/7408?t:ac=492">Ajouter à ma liste</a></div><div class="infos-produit-1"><div class="prix-actuel"><span>2.74€</span></div></div><div class="infos-produit-2"><a title="Voir le produit" href="http://www.refonte.auchandirect.fr/hygiène-beauté/corps/savon-liquide/id1/492/7408"><h2>LE PETIT MARSEILLAIS</h2><h4>Savon liquide</h4><h4>Huile d'olive</h4><p>
300 ml
<br/>
9.13€/l
</p></a></div><div class="mini_picto_bas"></div></div></div></td></tr><tr><td><!-- PL : ici --><div class="bloc-produit  bientot-dispo"><div class="bloc-produit-content"><a title="Voir le produit" href="http://www.refonte.auchandirect.fr/hygiène-beauté/corps/gel-lavant-mains/id1/492/2446"><img src="http://www.refonte.auchandirect.fr/static/images/products/line/2446.jpg" alt="" class="produit "/></a><div class="picto"><span class="invisible"></span></div><div class="boutons-produit"><a class="bt-produit-ajout-panier disable" title="Bientôt disponible" href="javascript:void(0)">Bientôt disponible</a><a id="addProductToShoppingList_107" onclick="javascript:Tapestry.waitForPage(event);" title="Ajouter à ma liste" class="bt-produit-ajout-liste" href="http://www.refonte.auchandirect.fr/rayon.productgridorlist.productlist_1.thumbnailproduct_0.addproducttoshoppinglist/2446?t:ac=492">Ajouter à ma liste</a></div><div class="infos-produit-1"><div class="prix-actuel"><span>2.39€</span></div></div><div class="infos-produit-2"><a title="Voir le produit" href="http://www.refonte.auchandirect.fr/hygiène-beauté/corps/gel-lavant-mains/id1/492/2446"><h2>LE PETIT MARSEILLAIS</h2><h4>Gel lavant mains</h4><h4>Lait</h4><p>
300 ml
<br/>
7.97€/l
</p></a></div><div class="mini_picto_bas"></div></div></div></td><td><!-- PL : ici --><div class="bloc-produit "><div class="bloc-produit-content"><a title="Voir le produit" href="http://www.refonte.auchandirect.fr/hygiène-beauté/corps/recharge-gel-lavant-mains/id1/492/1922"><img src="http://www.refonte.auchandirect.fr/static/images/products/line/1922.jpg" alt="" class="produit "/></a><div class="picto"><span class="invisible"></span></div><div class="boutons-produit"><a id="addProductToBasket_62" onclick="javascript:Tapestry.waitForPage(event);" title="Ajouter au panier" class="bt-produit-ajout-panier" href="http://www.refonte.auchandirect.fr/rayon.productgridorlist.productlist_1.thumbnailproduct_0.addproducttobasket/1922?t:ac=492">Ajouter au panier</a><a id="addProductToShoppingList_108" onclick="javascript:Tapestry.waitForPage(event);" title="Ajouter à ma liste" class="bt-produit-ajout-liste" href="http://www.refonte.auchandirect.fr/rayon.productgridorlist.productlist_1.thumbnailproduct_0.addproducttoshoppinglist/1922?t:ac=492">Ajouter à ma liste</a></div><div class="infos-produit-1"><div class="prix-actuel"><span>0.97€</span></div></div><div class="infos-produit-2"><a title="Voir le produit" href="http://www.refonte.auchandirect.fr/hygiène-beauté/corps/recharge-gel-lavant-mains/id1/492/1922"><h2>LE PETIT MARSEILLAIS</h2><h4>Recharge gel lavant mains</h4><h4>Lait</h4><p>
250 ml
<br/>
3.88€/l
</p></a></div><div class="mini_picto_bas"></div></div></div></td><td><!-- PL : ici --><div class="bloc-produit "><div class="bloc-produit-content"><a title="Voir le produit" href="http://www.refonte.auchandirect.fr/hygiène-beauté/corps/recharge-de-savon-liquide/id1/492/60300"><img src="http://www.refonte.auchandirect.fr/static/images/products/line/60300.jpg" alt="" class="produit "/></a><div class="picto"><span class="invisible"></span></div><div class="boutons-produit"><a id="addProductToBasket_63" onclick="javascript:Tapestry.waitForPage(event);" title="Ajouter au panier" class="bt-produit-ajout-panier" href="http://www.refonte.auchandirect.fr/rayon.productgridorlist.productlist_1.thumbnailproduct_0.addproducttobasket/60300?t:ac=492">Ajouter au panier</a><a id="addProductToShoppingList_109" onclick="javascript:Tapestry.waitForPage(event);" title="Ajouter à ma liste" class="bt-produit-ajout-liste" href="http://www.refonte.auchandirect.fr/rayon.productgridorlist.productlist_1.thumbnailproduct_0.addproducttoshoppinglist/60300?t:ac=492">Ajouter à ma liste</a></div><div class="infos-produit-1"><div class="prix-actuel"><span>0.98€</span></div></div><div class="infos-produit-2"><a title="Voir le produit" href="http://www.refonte.auchandirect.fr/hygiène-beauté/corps/recharge-de-savon-liquide/id1/492/60300"><h2>LE PETIT MARSEILLAIS</h2><h4>Recharge de savon liquide</h4><h4>Lait amande</h4><p>
250 ml
<br/>
3.92€/l
</p></a></div><div class="mini_picto_bas"></div></div></div></td></tr><tr><td><!-- PL : ici --><div class="bloc-produit  bientot-dispo"><div class="bloc-produit-content"><a title="Voir le produit" href="http://www.refonte.auchandirect.fr/hygiène-beauté/corps/savon-crème-extra-doux-nourrissant/id1/492/37280"><img src="http://www.refonte.auchandirect.fr/static/images/products/line/37280.jpg" alt="" class="produit "/></a><div class="picto"><span class="invisible"></span></div><div class="boutons-produit"><a class="bt-produit-ajout-panier disable" title="Bientôt disponible" href="javascript:void(0)">Bientôt disponible</a><a id="addProductToShoppingList_110" onclick="javascript:Tapestry.waitForPage(event);" title="Ajouter à ma liste" class="bt-produit-ajout-liste" href="http://www.refonte.auchandirect.fr/rayon.productgridorlist.productlist_1.thumbnailproduct_0.addproducttoshoppinglist/37280?t:ac=492">Ajouter à ma liste</a></div><div class="infos-produit-1"><div class="prix-actuel"><span>1.57€</span></div></div><div class="infos-produit-2"><a title="Voir le produit" href="http://www.refonte.auchandirect.fr/hygiène-beauté/corps/savon-crème-extra-doux-nourrissant/id1/492/37280"><h2>LE PETIT MARSEILLAIS</h2><h4>Savon crème extra doux nourrissant</h4><h4>Amande douce</h4><p>
2 x 100 g
<br/>
7.85€/kg
</p></a></div><div class="mini_picto_bas"></div></div></div></td><td><!-- PL : ici --><div class="bloc-produit "><div class="bloc-produit-content"><a title="Voir le produit" href="http://www.refonte.auchandirect.fr/hygiène-beauté/corps/savon-extra-doux/id1/492/38197"><img src="http://www.refonte.auchandirect.fr/static/images/products/line/38197.jpg" alt="" class="produit "/></a><div class="picto"><span class="invisible"></span></div><div class="boutons-produit"><a id="addProductToBasket_64" onclick="javascript:Tapestry.waitForPage(event);" title="Ajouter au panier" class="bt-produit-ajout-panier" href="http://www.refonte.auchandirect.fr/rayon.productgridorlist.productlist_1.thumbnailproduct_0.addproducttobasket/38197?t:ac=492">Ajouter au panier</a><a id="addProductToShoppingList_111" onclick="javascript:Tapestry.waitForPage(event);" title="Ajouter à ma liste" class="bt-produit-ajout-liste" href="http://www.refonte.auchandirect.fr/rayon.productgridorlist.productlist_1.thumbnailproduct_0.addproducttoshoppinglist/38197?t:ac=492">Ajouter à ma liste</a></div><div class="infos-produit-1"><div class="prix-actuel"><span>1.94€</span></div></div><div class="infos-produit-2"><a title="Voir le produit" href="http://www.refonte.auchandirect.fr/hygiène-beauté/corps/savon-extra-doux/id1/492/38197"><h2>LE PETIT MARSEILLAIS</h2><h4>Savon extra doux</h4><h4>Chèvrefeuille</h4><p>
400 g
<br/>
4.85€/kg
</p></a></div><div class="mini_picto_bas"></div></div></div></td><td><!-- PL : ici --><div class="bloc-produit  bientot-dispo"><div class="bloc-produit-content"><a title="Voir le produit" href="http://www.refonte.auchandirect.fr/hygiène-beauté/corps/pain-au-lait/id1/492/2384"><img src="http://www.refonte.auchandirect.fr/static/images/products/line/2384.jpg" alt="" class="produit "/></a><div class="picto"><span class="invisible"></span></div><div class="boutons-produit"><a class="bt-produit-ajout-panier disable" title="Bientôt disponible" href="javascript:void(0)">Bientôt disponible</a><a id="addProductToShoppingList_112" onclick="javascript:Tapestry.waitForPage(event);" title="Ajouter à ma liste" class="bt-produit-ajout-liste" href="http://www.refonte.auchandirect.fr/rayon.productgridorlist.productlist_1.thumbnailproduct_0.addproducttoshoppinglist/2384?t:ac=492">Ajouter à ma liste</a></div><div class="infos-produit-1"><div class="prix-actuel"><span>1.57€</span></div></div><div class="infos-produit-2"><a title="Voir le produit" href="http://www.refonte.auchandirect.fr/hygiène-beauté/corps/pain-au-lait/id1/492/2384"><h2>LE PETIT MARSEILLAIS</h2><h4>Pain au lait</h4><h4>Savon lait</h4><p>
200 g
<br/>
7.85€/kg
</p></a></div><div class="mini_picto_bas"></div></div></div></td></tr><tr><td><!-- PL : ici --><div class="bloc-produit  bientot-dispo"><div class="bloc-produit-content"><a title="Voir le produit" href="http://www.refonte.auchandirect.fr/hygiène-beauté/corps/lait-hydratant-corps-peaux-très-séches/id1/492/45660"><img src="http://www.refonte.auchandirect.fr/static/images/products/line/45660.jpg" alt="" class="produit "/></a><div class="picto"><span class="invisible"></span></div><div class="boutons-produit"><a class="bt-produit-ajout-panier disable" title="Bientôt disponible" href="javascript:void(0)">Bientôt disponible</a><a id="addProductToShoppingList_113" onclick="javascript:Tapestry.waitForPage(event);" title="Ajouter à ma liste" class="bt-produit-ajout-liste" href="http://www.refonte.auchandirect.fr/rayon.productgridorlist.productlist_1.thumbnailproduct_0.addproducttoshoppinglist/45660?t:ac=492">Ajouter à ma liste</a></div><div class="infos-produit-1"><div class="prix-actuel"><span>4.90€</span></div></div><div class="infos-produit-2"><a title="Voir le produit" href="http://www.refonte.auchandirect.fr/hygiène-beauté/corps/lait-hydratant-corps-peaux-très-séches/id1/492/45660"><h2>LE PETIT MARSEILLAIS</h2><h4>Lait hydratant corps peaux très séches</h4><h4>Beurre de karité</h4><p>
250 ml
<br/>
19.60€/l
</p></a></div><div class="mini_picto_bas"></div></div></div></td><td><!-- PL : ici --><div class="bloc-produit  bientot-dispo"><div class="bloc-produit-content"><a title="Voir le produit" href="http://www.refonte.auchandirect.fr/hygiène-beauté/corps/baume-nourrissant-apeaux-très-sèches/id1/492/57525"><img src="http://www.refonte.auchandirect.fr/static/images/products/line/57525.jpg" alt="" class="produit "/></a><div class="picto"><span class="invisible"></span></div><div class="boutons-produit"><a class="bt-produit-ajout-panier disable" title="Bientôt disponible" href="javascript:void(0)">Bientôt disponible</a><a id="addProductToShoppingList_114" onclick="javascript:Tapestry.waitForPage(event);" title="Ajouter à ma liste" class="bt-produit-ajout-liste" href="http://www.refonte.auchandirect.fr/rayon.productgridorlist.productlist_1.thumbnailproduct_0.addproducttoshoppinglist/57525?t:ac=492">Ajouter à ma liste</a></div><div class="infos-produit-1"><div class="prix-actuel"><span>5.51€</span></div></div><div class="infos-produit-2"><a title="Voir le produit" href="http://www.refonte.auchandirect.fr/hygiène-beauté/corps/baume-nourrissant-apeaux-très-sèches/id1/492/57525"><h2>LE PETIT MARSEILLAIS</h2><h4>Baume nourrissant apeaux très sèches</h4><h4>Beurre de karité</h4><p>
250 ml
<br/>
22.04€/l
</p></a></div><div class="mini_picto_bas"></div></div></div></td><td><!-- PL : ici --><div class="bloc-produit  bientot-dispo"><div class="bloc-produit-content"><a title="Voir le produit" href="http://www.refonte.auchandirect.fr/hygiène-beauté/corps/lait-réparateur-au-karité-aloé/id1/492/58082"><img src="http://www.refonte.auchandirect.fr/static/images/products/line/58082.jpg" alt="" class="produit "/></a><div class="picto"><span class="invisible"></span></div><div class="boutons-produit"><a class="bt-produit-ajout-panier disable" title="Bientôt disponible" href="javascript:void(0)">Bientôt disponible</a><a id="addProductToShoppingList_115" onclick="javascript:Tapestry.waitForPage(event);" title="Ajouter à ma liste" class="bt-produit-ajout-liste" href="http://www.refonte.auchandirect.fr/rayon.productgridorlist.productlist_1.thumbnailproduct_0.addproducttoshoppinglist/58082?t:ac=492">Ajouter à ma liste</a></div><div class="infos-produit-1"><div class="prix-actuel"><span>5.24€</span></div></div><div class="infos-produit-2"><a title="Voir le produit" href="http://www.refonte.auchandirect.fr/hygiène-beauté/corps/lait-réparateur-au-karité-aloé/id1/492/58082"><h2>LE PETIT MARSEILLAIS</h2><h4>Lait réparateur au karité aloé</h4><h4>Cire d’abeille</h4><p>
250 ml
<br/>
20.96€/l
</p></a></div><div class="mini_picto_bas"></div></div></div></td></tr><tr><td><!-- PL : ici --><div class="bloc-produit "><div class="bloc-produit-content"><a title="Voir le produit" href="http://www.refonte.auchandirect.fr/hygiène-beauté/corps/savon-doux/id1/492/41176"><img src="http://www.refonte.auchandirect.fr/static/images/products/line/41176.jpg" alt="" class="produit "/></a><div class="picto"><span class="invisible"></span></div><div class="boutons-produit"><a id="addProductToBasket_65" onclick="javascript:Tapestry.waitForPage(event);" title="Ajouter au panier" class="bt-produit-ajout-panier" href="http://www.refonte.auchandirect.fr/rayon.productgridorlist.productlist_1.thumbnailproduct_0.addproducttobasket/41176?t:ac=492">Ajouter au panier</a><a id="addProductToShoppingList_116" onclick="javascript:Tapestry.waitForPage(event);" title="Ajouter à ma liste" class="bt-produit-ajout-liste" href="http://www.refonte.auchandirect.fr/rayon.productgridorlist.productlist_1.thumbnailproduct_0.addproducttoshoppinglist/41176?t:ac=492">Ajouter à ma liste</a></div><div class="infos-produit-1"><div class="prix-actuel"><span>2.64€</span></div></div><div class="infos-produit-2"><a title="Voir le produit" href="http://www.refonte.auchandirect.fr/hygiène-beauté/corps/savon-doux/id1/492/41176"><h2>LE PETIT OLIVIER</h2><h4>Savon doux</h4><h4>Lavande</h4><p>
250 g
<br/>
10.56€/kg
</p></a></div><div class="mini_picto_bas"></div></div></div></td><td><!-- PL : ici --><div class="bloc-produit "><div class="bloc-produit-content"><a title="Voir le produit" href="http://www.refonte.auchandirect.fr/hygiène-beauté/corps/crème-pour-mains/id1/492/45436"><img src="http://www.refonte.auchandirect.fr/static/images/products/line/45436.jpg" alt="" class="produit "/></a><div class="picto"><span class="invisible"></span></div><div class="boutons-produit"><a id="addProductToBasket_66" onclick="javascript:Tapestry.waitForPage(event);" title="Ajouter au panier" class="bt-produit-ajout-panier" href="http://www.refonte.auchandirect.fr/rayon.productgridorlist.productlist_1.thumbnailproduct_0.addproducttobasket/45436?t:ac=492">Ajouter au panier</a><a id="addProductToShoppingList_117" onclick="javascript:Tapestry.waitForPage(event);" title="Ajouter à ma liste" class="bt-produit-ajout-liste" href="http://www.refonte.auchandirect.fr/rayon.productgridorlist.productlist_1.thumbnailproduct_0.addproducttoshoppinglist/45436?t:ac=492">Ajouter à ma liste</a></div><div class="infos-produit-1"><div class="prix-actuel"><span>4.48€</span></div></div><div class="infos-produit-2"><a title="Voir le produit" href="http://www.refonte.auchandirect.fr/hygiène-beauté/corps/crème-pour-mains/id1/492/45436"><h2>LE PETIT OLIVIER</h2><h4>Crème pour mains</h4><h4>Beurre karité</h4><p>
75 ml
<br/>
59.73€/l
</p></a></div><div class="mini_picto_bas"></div></div></div></td><td><!-- PL : ici --><div class="bloc-produit "><div class="bloc-produit-content"><a title="Voir le produit" href="http://www.refonte.auchandirect.fr/hygiène-beauté/corps/bicarbonate-de-soude/id1/492/32557"><img src="http://www.refonte.auchandirect.fr/static/images/products/line/32557.jpg" alt="" class="produit "/></a><div class="picto"><span class="invisible"></span></div><div class="boutons-produit"><a id="addProductToBasket_67" onclick="javascript:Tapestry.waitForPage(event);" title="Ajouter au panier" class="bt-produit-ajout-panier" href="http://www.refonte.auchandirect.fr/rayon.productgridorlist.productlist_1.thumbnailproduct_0.addproducttobasket/32557?t:ac=492">Ajouter au panier</a><a id="addProductToShoppingList_118" onclick="javascript:Tapestry.waitForPage(event);" title="Ajouter à ma liste" class="bt-produit-ajout-liste" href="http://www.refonte.auchandirect.fr/rayon.productgridorlist.productlist_1.thumbnailproduct_0.addproducttoshoppinglist/32557?t:ac=492">Ajouter à ma liste</a></div><div class="infos-produit-1"><div class="prix-actuel"><span>5.21€</span></div></div><div class="infos-produit-2"><a title="Voir le produit" href="http://www.refonte.auchandirect.fr/hygiène-beauté/corps/bicarbonate-de-soude/id1/492/32557"><h2>MERCUROCHROME</h2><h4>Bicarbonate de soude</h4><h4></h4><p>
75 g
<br/>
69.47€/kg
</p></a></div><div class="mini_picto_bas"></div></div></div></td></tr><tr><td><!-- PL : ici --><div class="bloc-produit "><div class="bloc-produit-content"><a title="Voir le produit" href="http://www.refonte.auchandirect.fr/hygiène-beauté/corps/râpe-acier/id1/492/55817"><img src="http://www.refonte.auchandirect.fr/static/images/products/line/55817.jpg" alt="" class="produit "/></a><div class="picto"><span class="invisible"></span></div><div class="boutons-produit"><a id="addProductToBasket_68" onclick="javascript:Tapestry.waitForPage(event);" title="Ajouter au panier" class="bt-produit-ajout-panier" href="http://www.refonte.auchandirect.fr/rayon.productgridorlist.productlist_1.thumbnailproduct_0.addproducttobasket/55817?t:ac=492">Ajouter au panier</a><a id="addProductToShoppingList_119" onclick="javascript:Tapestry.waitForPage(event);" title="Ajouter à ma liste" class="bt-produit-ajout-liste" href="http://www.refonte.auchandirect.fr/rayon.productgridorlist.productlist_1.thumbnailproduct_0.addproducttoshoppinglist/55817?t:ac=492">Ajouter à ma liste</a></div><div class="infos-produit-1"><div class="prix-actuel"><span>7.99€</span></div></div><div class="infos-produit-2"><a title="Voir le produit" href="http://www.refonte.auchandirect.fr/hygiène-beauté/corps/râpe-acier/id1/492/55817"><h2>MERCUROCHROME</h2><h4>Râpe acier</h4><h4></h4><p>
1 pièce
<br/>
7.99€/pièce
</p></a></div><div class="mini_picto_bas"></div></div></div></td><td><!-- PL : ici --><div class="bloc-produit "><div class="bloc-produit-content"><a title="Voir le produit" href="http://www.refonte.auchandirect.fr/hygiène-beauté/corps/gel-bain-et-douche-corps-et-cheveux/id1/492/2131"><img src="http://www.refonte.auchandirect.fr/static/images/products/line/2131.jpg" alt="" class="produit "/></a><div class="picto"><span class="invisible"></span></div><div class="boutons-produit"><a id="addProductToBasket_69" onclick="javascript:Tapestry.waitForPage(event);" title="Ajouter au panier" class="bt-produit-ajout-panier" href="http://www.refonte.auchandirect.fr/rayon.productgridorlist.productlist_1.thumbnailproduct_0.addproducttobasket/2131?t:ac=492">Ajouter au panier</a><a id="addProductToShoppingList_120" onclick="javascript:Tapestry.waitForPage(event);" title="Ajouter à ma liste" class="bt-produit-ajout-liste" href="http://www.refonte.auchandirect.fr/rayon.productgridorlist.productlist_1.thumbnailproduct_0.addproducttoshoppinglist/2131?t:ac=492">Ajouter à ma liste</a></div><div class="infos-produit-1"><div class="prix-actuel"><span>3.31€</span></div></div><div class="infos-produit-2"><a title="Voir le produit" href="http://www.refonte.auchandirect.fr/hygiène-beauté/corps/gel-bain-et-douche-corps-et-cheveux/id1/492/2131"><h2>MIXA</h2><h4>Gel bain et douche corps et cheveux</h4><h4>Bébé</h4><p>
200 ml
<br/>
16.55€/l
</p></a></div><div class="mini_picto_bas"></div></div></div></td><td><!-- PL : ici --><div class="bloc-produit "><div class="bloc-produit-content"><a title="Voir le produit" href="http://www.refonte.auchandirect.fr/hygiène-beauté/corps/gel-douche-soin-sans-savon/id1/492/98462"><img src="http://www.refonte.auchandirect.fr/static/images/products/line/98462.jpg" alt="" class="produit "/></a><div class="picto"><span class="invisible"></span></div><div class="boutons-produit"><a id="addProductToBasket_70" onclick="javascript:Tapestry.waitForPage(event);" title="Ajouter au panier" class="bt-produit-ajout-panier" href="http://www.refonte.auchandirect.fr/rayon.productgridorlist.productlist_1.thumbnailproduct_0.addproducttobasket/98462?t:ac=492">Ajouter au panier</a><a id="addProductToShoppingList_121" onclick="javascript:Tapestry.waitForPage(event);" title="Ajouter à ma liste" class="bt-produit-ajout-liste" href="http://www.refonte.auchandirect.fr/rayon.productgridorlist.productlist_1.thumbnailproduct_0.addproducttoshoppinglist/98462?t:ac=492">Ajouter à ma liste</a></div><div class="infos-produit-1"><div class="prix-actuel"><span>3.99€</span></div></div><div class="infos-produit-2"><a title="Voir le produit" href="http://www.refonte.auchandirect.fr/hygiène-beauté/corps/gel-douche-soin-sans-savon/id1/492/98462"><h2>MIXA</h2><h4>Gel douche soin sans savon</h4><h4>Expert</h4><p>
400 ml
<br/>
9.98€/l
</p></a></div><div class="mini_picto_bas"></div></div></div></td></tr><tr><td><!-- PL : ici --><div class="bloc-produit  bientot-dispo"><div class="bloc-produit-content"><a title="Voir le produit" href="http://www.refonte.auchandirect.fr/hygiène-beauté/corps/douche-apaisante-surgras/id1/492/98461"><img src="http://www.refonte.auchandirect.fr/static/images/products/line/98461.jpg" alt="" class="produit "/></a><div class="picto"><span class="invisible"></span></div><div class="boutons-produit"><a class="bt-produit-ajout-panier disable" title="Bientôt disponible" href="javascript:void(0)">Bientôt disponible</a><a id="addProductToShoppingList_122" onclick="javascript:Tapestry.waitForPage(event);" title="Ajouter à ma liste" class="bt-produit-ajout-liste" href="http://www.refonte.auchandirect.fr/rayon.productgridorlist.productlist_1.thumbnailproduct_0.addproducttoshoppinglist/98461?t:ac=492">Ajouter à ma liste</a></div><div class="infos-produit-1"><div class="prix-actuel"><span>3.99€</span></div></div><div class="infos-produit-2"><a title="Voir le produit" href="http://www.refonte.auchandirect.fr/hygiène-beauté/corps/douche-apaisante-surgras/id1/492/98461"><h2>MIXA</h2><h4>Douche apaisante surgras</h4><h4>Expert</h4><p>
400 ml
<br/>
9.98€/l
</p></a></div><div class="mini_picto_bas"></div></div></div></td><td><!-- PL : ici --><div class="bloc-produit "><div class="bloc-produit-content"><a title="Voir le produit" href="http://www.refonte.auchandirect.fr/hygiène-beauté/corps/crème-peaux-sèches/id1/492/1328"><img src="http://www.refonte.auchandirect.fr/static/images/products/line/1328.jpg" alt="" class="produit "/></a><div class="picto"><span class="invisible"></span></div><div class="boutons-produit"><a id="addProductToBasket_71" onclick="javascript:Tapestry.waitForPage(event);" title="Ajouter au panier" class="bt-produit-ajout-panier" href="http://www.refonte.auchandirect.fr/rayon.productgridorlist.productlist_1.thumbnailproduct_0.addproducttobasket/1328?t:ac=492">Ajouter au panier</a><a id="addProductToShoppingList_123" onclick="javascript:Tapestry.waitForPage(event);" title="Ajouter à ma liste" class="bt-produit-ajout-liste" href="http://www.refonte.auchandirect.fr/rayon.productgridorlist.productlist_1.thumbnailproduct_0.addproducttoshoppinglist/1328?t:ac=492">Ajouter à ma liste</a></div><div class="infos-produit-1"><div class="prix-actuel"><span>5.45€</span></div></div><div class="infos-produit-2"><a title="Voir le produit" href="http://www.refonte.auchandirect.fr/hygiène-beauté/corps/crème-peaux-sèches/id1/492/1328"><h2>MIXA</h2><h4>Crème peaux sèches</h4><h4>Intensif</h4><p>
250 ml
<br/>
21.80€/l
</p></a></div><div class="mini_picto_bas"></div></div></div></td><td><!-- PL : ici --><div class="bloc-produit "><div class="bloc-produit-content"><a title="Voir le produit" href="http://www.refonte.auchandirect.fr/hygiène-beauté/corps/lait-nutritif-corps/id1/492/89111"><img src="http://www.refonte.auchandirect.fr/static/images/products/line/89111.jpg" alt="" class="produit "/></a><div class="picto"><span class="invisible"></span></div><div class="boutons-produit"><a id="addProductToBasket_72" onclick="javascript:Tapestry.waitForPage(event);" title="Ajouter au panier" class="bt-produit-ajout-panier" href="http://www.refonte.auchandirect.fr/rayon.productgridorlist.productlist_1.thumbnailproduct_0.addproducttobasket/89111?t:ac=492">Ajouter au panier</a><a id="addProductToShoppingList_124" onclick="javascript:Tapestry.waitForPage(event);" title="Ajouter à ma liste" class="bt-produit-ajout-liste" href="http://www.refonte.auchandirect.fr/rayon.productgridorlist.productlist_1.thumbnailproduct_0.addproducttoshoppinglist/89111?t:ac=492">Ajouter à ma liste</a></div><div class="infos-produit-1"><div class="prix-actuel"><span>6.25€</span></div></div><div class="infos-produit-2"><a title="Voir le produit" href="http://www.refonte.auchandirect.fr/hygiène-beauté/corps/lait-nutritif-corps/id1/492/89111"><h2>MIXA</h2><h4>Lait nutritif corps</h4><h4>Bio</h4><p>
250 ml
<br/>
25.00€/l
</p></a></div><div class="mini_picto_bas"></div></div></div></td></tr><tr><td><!-- PL : ici --><div class="bloc-produit "><div class="bloc-produit-content"><a title="Voir le produit" href="http://www.refonte.auchandirect.fr/hygiène-beauté/corps/crème-réparatrice-à-l'allantoïne/id1/492/101002"><img src="http://www.refonte.auchandirect.fr/static/images/products/line/101002.jpg" alt="" class="produit "/></a><div class="picto"><span class="invisible"></span></div><div class="boutons-produit"><a id="addProductToBasket_73" onclick="javascript:Tapestry.waitForPage(event);" title="Ajouter au panier" class="bt-produit-ajout-panier" href="http://www.refonte.auchandirect.fr/rayon.productgridorlist.productlist_1.thumbnailproduct_0.addproducttobasket/101002?t:ac=492">Ajouter au panier</a><a id="addProductToShoppingList_125" onclick="javascript:Tapestry.waitForPage(event);" title="Ajouter à ma liste" class="bt-produit-ajout-liste" href="http://www.refonte.auchandirect.fr/rayon.productgridorlist.productlist_1.thumbnailproduct_0.addproducttoshoppinglist/101002?t:ac=492">Ajouter à ma liste</a></div><div class="infos-produit-1"><div class="prix-actuel"><span>3.51€</span></div></div><div class="infos-produit-2"><a title="Voir le produit" href="http://www.refonte.auchandirect.fr/hygiène-beauté/corps/crème-réparatrice-à-l'allantoïne/id1/492/101002"><h2>MIXA</h2><h4>Crème réparatrice à l'allantoïne</h4><h4>Intensif</h4><p>
100 ml
<br/>
35.10€/l
</p></a></div><div class="mini_picto_bas"></div></div></div></td><td><!-- PL : ici --><div class="bloc-produit "><div class="bloc-produit-content"><a title="Voir le produit" href="http://www.refonte.auchandirect.fr/hygiène-beauté/corps/crème-protectrice-anti-dessèchement/id1/492/100069"><img src="http://www.refonte.auchandirect.fr/static/images/products/line/100069.jpg" alt="" class="produit "/></a><div class="picto"><span class="invisible"></span></div><div class="boutons-produit"><a id="addProductToBasket_74" onclick="javascript:Tapestry.waitForPage(event);" title="Ajouter au panier" class="bt-produit-ajout-panier" href="http://www.refonte.auchandirect.fr/rayon.productgridorlist.productlist_1.thumbnailproduct_0.addproducttobasket/100069?t:ac=492">Ajouter au panier</a><a id="addProductToShoppingList_126" onclick="javascript:Tapestry.waitForPage(event);" title="Ajouter à ma liste" class="bt-produit-ajout-liste" href="http://www.refonte.auchandirect.fr/rayon.productgridorlist.productlist_1.thumbnailproduct_0.addproducttoshoppinglist/100069?t:ac=492">Ajouter à ma liste</a></div><div class="infos-produit-1"><div class="prix-actuel"><span>3.08€</span></div></div><div class="infos-produit-2"><a title="Voir le produit" href="http://www.refonte.auchandirect.fr/hygiène-beauté/corps/crème-protectrice-anti-dessèchement/id1/492/100069"><h2>MIXA</h2><h4>Crème protectrice anti-dessèchement</h4><h4>Intensif</h4><p>
100 ml
<br/>
30.80€/l
</p></a></div><div class="mini_picto_bas"></div></div></div></td><td><!-- PL : ici --><div class="bloc-produit "><div class="bloc-produit-content"><a title="Voir le produit" href="http://www.refonte.auchandirect.fr/hygiène-beauté/papier,-parapharmacie/lait-pour-le-corps-nourrissant-éclat-soleil-peaux-claires/id1/494/31907"><img src="http://www.refonte.auchandirect.fr/static/images/products/line/31907.jpg" alt="" class="produit "/></a><div class="picto"><span class="invisible"></span></div><div class="boutons-produit"><a id="addProductToBasket_75" onclick="javascript:Tapestry.waitForPage(event);" title="Ajouter au panier" class="bt-produit-ajout-panier" href="http://www.refonte.auchandirect.fr/rayon.productgridorlist.productlist_1.thumbnailproduct_0.addproducttobasket/31907?t:ac=492">Ajouter au panier</a><a id="addProductToShoppingList_127" onclick="javascript:Tapestry.waitForPage(event);" title="Ajouter à ma liste" class="bt-produit-ajout-liste" href="http://www.refonte.auchandirect.fr/rayon.productgridorlist.productlist_1.thumbnailproduct_0.addproducttoshoppinglist/31907?t:ac=492">Ajouter à ma liste</a></div><div class="infos-produit-1"><div class="prix-actuel"><span>6.81€</span></div></div><div class="infos-produit-2"><a title="Voir le produit" href="http://www.refonte.auchandirect.fr/hygiène-beauté/papier,-parapharmacie/lait-pour-le-corps-nourrissant-éclat-soleil-peaux-claires/id1/494/31907"><h2>MIXA</h2><h4>Lait pour le corps nourrissant éclat soleil peaux claires</h4><h4>Intensif</h4><p>
250 ml
<br/>
27.24€/l
</p></a></div><div class="mini_picto_bas"></div></div></div></td></tr><tr><td><!-- PL : ici --><div class="bloc-produit "><div class="bloc-produit-content"><a title="Voir le produit" href="http://www.refonte.auchandirect.fr/hygiène-beauté/corps/gel-douche-100-essentiel/id1/492/74486"><img src="http://www.refonte.auchandirect.fr/static/images/products/line/74486.jpg" alt="" class="produit "/></a><div class="picto"><span class="invisible"></span></div><div class="boutons-produit"><a id="addProductToBasket_76" onclick="javascript:Tapestry.waitForPage(event);" title="Ajouter au panier" class="bt-produit-ajout-panier" href="http://www.refonte.auchandirect.fr/rayon.productgridorlist.productlist_1.thumbnailproduct_0.addproducttobasket/74486?t:ac=492">Ajouter au panier</a><a id="addProductToShoppingList_128" onclick="javascript:Tapestry.waitForPage(event);" title="Ajouter à ma liste" class="bt-produit-ajout-liste" href="http://www.refonte.auchandirect.fr/rayon.productgridorlist.productlist_1.thumbnailproduct_0.addproducttoshoppinglist/74486?t:ac=492">Ajouter à ma liste</a></div><div class="infos-produit-1"><div class="prix-actuel"><span>2.31€</span></div></div><div class="infos-produit-2"><a title="Voir le produit" href="http://www.refonte.auchandirect.fr/hygiène-beauté/corps/gel-douche-100-essentiel/id1/492/74486"><h2>MONSAVON</h2><h4>Gel douche 100 % essentiel</h4><h4>Mangue</h4><p>
250 ml
<br/>
9.24€/l
</p></a></div><div class="mini_picto_bas"></div></div></div></td><td><!-- PL : ici --><div class="bloc-produit  bientot-dispo"><div class="bloc-produit-content"><a title="Voir le produit" href="http://www.refonte.auchandirect.fr/hygiène-beauté/corps/gel-douche-envie-de-rêver/id1/492/30088"><img src="http://www.refonte.auchandirect.fr/static/images/products/line/30088.jpg" alt="" class="produit "/></a><div class="picto"><span class="invisible"></span></div><div class="boutons-produit"><a class="bt-produit-ajout-panier disable" title="Bientôt disponible" href="javascript:void(0)">Bientôt disponible</a><a id="addProductToShoppingList_129" onclick="javascript:Tapestry.waitForPage(event);" title="Ajouter à ma liste" class="bt-produit-ajout-liste" href="http://www.refonte.auchandirect.fr/rayon.productgridorlist.productlist_1.thumbnailproduct_0.addproducttoshoppinglist/30088?t:ac=492">Ajouter à ma liste</a></div><div class="infos-produit-1"><div class="prix-actuel"><span>2.18€</span></div></div><div class="infos-produit-2"><a title="Voir le produit" href="http://www.refonte.auchandirect.fr/hygiène-beauté/corps/gel-douche-envie-de-rêver/id1/492/30088"><h2>MONSAVON</h2><h4>Gel douche envie de rêver</h4><h4>Lait, perle &amp; patchouli</h4><p>
250 ml
<br/>
8.72€/l
</p></a></div><div class="mini_picto_bas"></div></div></div></td><td><!-- PL : ici --><div class="bloc-produit "><div class="bloc-produit-content"><a title="Voir le produit" href="http://www.refonte.auchandirect.fr/hygiène-beauté/corps/gel-douche/id1/492/41079"><img src="http://www.refonte.auchandirect.fr/static/images/products/line/41079.jpg" alt="" class="produit "/></a><div class="picto"><span class="invisible"></span></div><div class="boutons-produit"><a id="addProductToBasket_77" onclick="javascript:Tapestry.waitForPage(event);" title="Ajouter au panier" class="bt-produit-ajout-panier" href="http://www.refonte.auchandirect.fr/rayon.productgridorlist.productlist_1.thumbnailproduct_0.addproducttobasket/41079?t:ac=492">Ajouter au panier</a><a id="addProductToShoppingList_130" onclick="javascript:Tapestry.waitForPage(event);" title="Ajouter à ma liste" class="bt-produit-ajout-liste" href="http://www.refonte.auchandirect.fr/rayon.productgridorlist.productlist_1.thumbnailproduct_0.addproducttoshoppinglist/41079?t:ac=492">Ajouter à ma liste</a></div><div class="infos-produit-1"><div class="prix-actuel"><span>2.31€</span></div></div><div class="infos-produit-2"><a title="Voir le produit" href="http://www.refonte.auchandirect.fr/hygiène-beauté/corps/gel-douche/id1/492/41079"><h2>MONSAVON</h2><h4>Gel douche</h4><h4>Amande douce</h4><p>
250 ml
<br/>
9.24€/l
</p></a></div><div class="mini_picto_bas"></div></div></div></td></tr><tr><td><!-- PL : ici --><div class="bloc-produit  bientot-dispo"><div class="bloc-produit-content"><a title="Voir le produit" href="http://www.refonte.auchandirect.fr/hygiène-beauté/corps/déodorant-spray/id1/492/56440"><img src="http://www.refonte.auchandirect.fr/static/images/products/line/56440.jpg" alt="" class="produit "/></a><div class="picto"><span class="invisible"></span></div><div class="boutons-produit"><a class="bt-produit-ajout-panier disable" title="Bientôt disponible" href="javascript:void(0)">Bientôt disponible</a><a id="addProductToShoppingList_131" onclick="javascript:Tapestry.waitForPage(event);" title="Ajouter à ma liste" class="bt-produit-ajout-liste" href="http://www.refonte.auchandirect.fr/rayon.productgridorlist.productlist_1.thumbnailproduct_0.addproducttoshoppinglist/56440?t:ac=492">Ajouter à ma liste</a></div><div class="infos-produit-1"><div class="prix-actuel"><span>3.04€</span></div></div><div class="infos-produit-2"><a title="Voir le produit" href="http://www.refonte.auchandirect.fr/hygiène-beauté/corps/déodorant-spray/id1/492/56440"><h2>MONSAVON</h2><h4>Déodorant spray</h4><h4>Pierre d'Alun</h4><p>
200 ml
<br/>
15.20€/l
</p></a></div><div class="mini_picto_bas"></div></div></div></td><td><!-- PL : ici --><div class="bloc-produit "><div class="bloc-produit-content"><a title="Voir le produit" href="http://www.refonte.auchandirect.fr/hygiène-beauté/corps/déodorant-anti-transpirant-sans-alcool/id1/492/33707"><img src="http://www.refonte.auchandirect.fr/static/images/products/line/33707.jpg" alt="" class="produit "/></a><div class="picto"><span class="invisible"></span></div><div class="boutons-produit"><a id="addProductToBasket_78" onclick="javascript:Tapestry.waitForPage(event);" title="Ajouter au panier" class="bt-produit-ajout-panier" href="http://www.refonte.auchandirect.fr/rayon.productgridorlist.productlist_1.thumbnailproduct_0.addproducttobasket/33707?t:ac=492">Ajouter au panier</a><a id="addProductToShoppingList_132" onclick="javascript:Tapestry.waitForPage(event);" title="Ajouter à ma liste" class="bt-produit-ajout-liste" href="http://www.refonte.auchandirect.fr/rayon.productgridorlist.productlist_1.thumbnailproduct_0.addproducttoshoppinglist/33707?t:ac=492">Ajouter à ma liste</a></div><div class="infos-produit-1"><div class="prix-actuel"><span>3.70€</span></div></div><div class="infos-produit-2"><a title="Voir le produit" href="http://www.refonte.auchandirect.fr/hygiène-beauté/corps/déodorant-anti-transpirant-sans-alcool/id1/492/33707"><h2>MONSAVON</h2><h4>Déodorant anti-transpirant sans alcool</h4><h4>Lait &amp; coton</h4><p>
200 ml
<br/>
18.50€/l
</p></a></div><div class="mini_picto_bas"></div></div></div></td><td><!-- PL : ici --><div class="bloc-produit  bientot-dispo"><div class="bloc-produit-content"><a title="Voir le produit" href="http://www.refonte.auchandirect.fr/hygiène-beauté/corps/cire-résine-micro-ondable-en-pot/id1/492/46679"><img src="http://www.refonte.auchandirect.fr/static/images/products/line/46679.jpg" alt="" class="produit "/></a><div class="picto"><span class="invisible"></span></div><div class="boutons-produit"><a class="bt-produit-ajout-panier disable" title="Bientôt disponible" href="javascript:void(0)">Bientôt disponible</a><a id="addProductToShoppingList_133" onclick="javascript:Tapestry.waitForPage(event);" title="Ajouter à ma liste" class="bt-produit-ajout-liste" href="http://www.refonte.auchandirect.fr/rayon.productgridorlist.productlist_1.thumbnailproduct_0.addproducttoshoppinglist/46679?t:ac=492">Ajouter à ma liste</a></div><div class="infos-produit-1"><div class="prix-actuel"><span>9.45€</span></div></div><div class="infos-produit-2"><a title="Voir le produit" href="http://www.refonte.auchandirect.fr/hygiène-beauté/corps/cire-résine-micro-ondable-en-pot/id1/492/46679"><h2>NAIR</h2><h4>Cire résine micro-ondable en pot</h4><h4></h4><p>
400 g
<br/>
23.63€/kg
</p></a></div><div class="mini_picto_bas"></div></div></div></td></tr><tr><td><!-- PL : ici --><div class="bloc-produit  bientot-dispo"><div class="bloc-produit-content"><a title="Voir le produit" href="http://www.refonte.auchandirect.fr/hygiène-beauté/corps/protèges-slip/id1/492/1941"><img src="http://www.refonte.auchandirect.fr/static/images/products/line/1941.jpg" alt="" class="produit "/></a><div class="picto"><span class="invisible"></span></div><div class="boutons-produit"><a class="bt-produit-ajout-panier disable" title="Bientôt disponible" href="javascript:void(0)">Bientôt disponible</a><a id="addProductToShoppingList_134" onclick="javascript:Tapestry.waitForPage(event);" title="Ajouter à ma liste" class="bt-produit-ajout-liste" href="http://www.refonte.auchandirect.fr/rayon.productgridorlist.productlist_1.thumbnailproduct_0.addproducttoshoppinglist/1941?t:ac=492">Ajouter à ma liste</a></div><div class="infos-produit-1"><div class="prix-actuel"><span>2.35€</span></div></div><div class="infos-produit-2"><a title="Voir le produit" href="http://www.refonte.auchandirect.fr/hygiène-beauté/corps/protèges-slip/id1/492/1941"><h2>NANA</h2><h4>Protèges-slip</h4><h4>Normal</h4><p>
34 pièces
<br/>
0.07€/pièce
</p></a></div><div class="mini_picto_bas"></div></div></div></td><td><!-- PL : ici --><div class="bloc-produit "><div class="bloc-produit-content"><a title="Voir le produit" href="http://www.refonte.auchandirect.fr/hygiène-beauté/corps/protèges-slip-2-en-1/id1/492/29710"><img src="http://www.refonte.auchandirect.fr/static/images/products/line/29710.jpg" alt="" class="produit "/></a><div class="picto"><span class="invisible"></span></div><div class="boutons-produit"><a id="addProductToBasket_79" onclick="javascript:Tapestry.waitForPage(event);" title="Ajouter au panier" class="bt-produit-ajout-panier" href="http://www.refonte.auchandirect.fr/rayon.productgridorlist.productlist_1.thumbnailproduct_0.addproducttobasket/29710?t:ac=492">Ajouter au panier</a><a id="addProductToShoppingList_135" onclick="javascript:Tapestry.waitForPage(event);" title="Ajouter à ma liste" class="bt-produit-ajout-liste" href="http://www.refonte.auchandirect.fr/rayon.productgridorlist.productlist_1.thumbnailproduct_0.addproducttoshoppinglist/29710?t:ac=492">Ajouter à ma liste</a></div><div class="infos-produit-1"><div class="prix-actuel"><span>2.39€</span></div></div><div class="infos-produit-2"><a title="Voir le produit" href="http://www.refonte.auchandirect.fr/hygiène-beauté/corps/protèges-slip-2-en-1/id1/492/29710"><h2>NANA</h2><h4>Protèges-slip 2 en 1</h4><h4>Extra long</h4><p>
20 pièces
<br/>
0.12€/pièce
</p></a></div><div class="mini_picto_bas"></div></div></div></td><td><!-- PL : ici --><div class="bloc-produit "><div class="bloc-produit-content"><a title="Voir le produit" href="http://www.refonte.auchandirect.fr/hygiène-beauté/corps/protèges-slip-pliés-sous-pochettes/id1/492/13990"><img src="http://www.refonte.auchandirect.fr/static/images/products/line/13990.jpg" alt="" class="produit "/></a><div class="picto"><span class="invisible"></span></div><div class="boutons-produit"><a id="addProductToBasket_80" onclick="javascript:Tapestry.waitForPage(event);" title="Ajouter au panier" class="bt-produit-ajout-panier" href="http://www.refonte.auchandirect.fr/rayon.productgridorlist.productlist_1.thumbnailproduct_0.addproducttobasket/13990?t:ac=492">Ajouter au panier</a><a id="addProductToShoppingList_136" onclick="javascript:Tapestry.waitForPage(event);" title="Ajouter à ma liste" class="bt-produit-ajout-liste" href="http://www.refonte.auchandirect.fr/rayon.productgridorlist.productlist_1.thumbnailproduct_0.addproducttoshoppinglist/13990?t:ac=492">Ajouter à ma liste</a></div><div class="infos-produit-1"><div class="prix-actuel"><span>2.92€</span></div></div><div class="infos-produit-2"><a title="Voir le produit" href="http://www.refonte.auchandirect.fr/hygiène-beauté/corps/protèges-slip-pliés-sous-pochettes/id1/492/13990"><h2>NANA</h2><h4>Protèges-slip pliés sous pochettes</h4><h4>Voile</h4><p>
32 pièces
<br/>
0.09€/pièce
</p></a></div><div class="mini_picto_bas"></div></div></div></td></tr><tr><td><!-- PL : ici --><div class="bloc-produit "><div class="bloc-produit-content"><a title="Voir le produit" href="http://www.refonte.auchandirect.fr/hygiène-beauté/corps/protèges-lingerie/id1/492/2326"><img src="http://www.refonte.auchandirect.fr/static/images/products/line/2326.jpg" alt="" class="produit "/></a><div class="picto"><span class="invisible"></span></div><div class="boutons-produit"><a id="addProductToBasket_81" onclick="javascript:Tapestry.waitForPage(event);" title="Ajouter au panier" class="bt-produit-ajout-panier" href="http://www.refonte.auchandirect.fr/rayon.productgridorlist.productlist_1.thumbnailproduct_0.addproducttobasket/2326?t:ac=492">Ajouter au panier</a><a id="addProductToShoppingList_137" onclick="javascript:Tapestry.waitForPage(event);" title="Ajouter à ma liste" class="bt-produit-ajout-liste" href="http://www.refonte.auchandirect.fr/rayon.productgridorlist.productlist_1.thumbnailproduct_0.addproducttoshoppinglist/2326?t:ac=492">Ajouter à ma liste</a></div><div class="infos-produit-1"><div class="prix-actuel"><span>2.42€</span></div></div><div class="infos-produit-2"><a title="Voir le produit" href="http://www.refonte.auchandirect.fr/hygiène-beauté/corps/protèges-lingerie/id1/492/2326"><h2>NANA</h2><h4>Protèges-lingerie</h4><h4>String</h4><p>
30 pièces
<br/>
0.08€/pièce
</p></a></div><div class="mini_picto_bas"></div></div></div></td><td><!-- PL : ici --><div class="bloc-produit  bientot-dispo"><div class="bloc-produit-content"><a title="Voir le produit" href="http://www.refonte.auchandirect.fr/hygiène-beauté/corps/serviettes-hygiéniques/id1/492/105095"><img src="http://www.refonte.auchandirect.fr/static/images/products/line/105095.jpg" alt="" class="produit "/></a><div class="picto"><span class="invisible"></span></div><div class="boutons-produit"><a class="bt-produit-ajout-panier disable" title="Bientôt disponible" href="javascript:void(0)">Bientôt disponible</a><a id="addProductToShoppingList_138" onclick="javascript:Tapestry.waitForPage(event);" title="Ajouter à ma liste" class="bt-produit-ajout-liste" href="http://www.refonte.auchandirect.fr/rayon.productgridorlist.productlist_1.thumbnailproduct_0.addproducttoshoppinglist/105095?t:ac=492">Ajouter à ma liste</a></div><div class="infos-produit-1"><div class="prix-actuel"><span>2.43€</span></div></div><div class="infos-produit-2"><a title="Voir le produit" href="http://www.refonte.auchandirect.fr/hygiène-beauté/corps/serviettes-hygiéniques/id1/492/105095"><h2>NANA</h2><h4>Serviettes hygiéniques</h4><h4>Dry fast</h4><p>
14 Pièces
<br/>
0.17€/pièce
</p></a></div><div class="mini_picto_bas"></div></div></div></td><td><!-- PL : ici --><div class="bloc-produit "><div class="bloc-produit-content"><a title="Voir le produit" href="http://www.refonte.auchandirect.fr/hygiène-beauté/corps/serviettes-hygiéniques-nuit/id1/492/105238"><img src="http://www.refonte.auchandirect.fr/static/images/products/line/105238.jpg" alt="" class="produit "/></a><div class="picto"><span class="invisible"></span></div><div class="boutons-produit"><a id="addProductToBasket_82" onclick="javascript:Tapestry.waitForPage(event);" title="Ajouter au panier" class="bt-produit-ajout-panier" href="http://www.refonte.auchandirect.fr/rayon.productgridorlist.productlist_1.thumbnailproduct_0.addproducttobasket/105238?t:ac=492">Ajouter au panier</a><a id="addProductToShoppingList_139" onclick="javascript:Tapestry.waitForPage(event);" title="Ajouter à ma liste" class="bt-produit-ajout-liste" href="http://www.refonte.auchandirect.fr/rayon.productgridorlist.productlist_1.thumbnailproduct_0.addproducttoshoppinglist/105238?t:ac=492">Ajouter à ma liste</a></div><div class="infos-produit-1"><div class="prix-actuel"><span>2.43€</span></div></div><div class="infos-produit-2"><a title="Voir le produit" href="http://www.refonte.auchandirect.fr/hygiène-beauté/corps/serviettes-hygiéniques-nuit/id1/492/105238"><h2>NANA</h2><h4>Serviettes hygiéniques nuit</h4><h4>Dry fast</h4><p>
10 Pièces
<br/>
0.24€/pièce
</p></a></div><div class="mini_picto_bas"></div></div></div></td></tr><tr><td><!-- PL : ici --><div class="bloc-produit "><div class="bloc-produit-content"><a title="Voir le produit" href="http://www.refonte.auchandirect.fr/hygiène-beauté/corps/serviettes-hygiéniques/id1/492/105236"><img src="http://www.refonte.auchandirect.fr/static/images/products/line/105236.jpg" alt="" class="produit "/></a><div class="picto"><span class="invisible"></span></div><div class="boutons-produit"><a id="addProductToBasket_83" onclick="javascript:Tapestry.waitForPage(event);" title="Ajouter au panier" class="bt-produit-ajout-panier" href="http://www.refonte.auchandirect.fr/rayon.productgridorlist.productlist_1.thumbnailproduct_0.addproducttobasket/105236?t:ac=492">Ajouter au panier</a><a id="addProductToShoppingList_140" onclick="javascript:Tapestry.waitForPage(event);" title="Ajouter à ma liste" class="bt-produit-ajout-liste" href="http://www.refonte.auchandirect.fr/rayon.productgridorlist.productlist_1.thumbnailproduct_0.addproducttoshoppinglist/105236?t:ac=492">Ajouter à ma liste</a></div><div class="infos-produit-1"><div class="prix-actuel"><span>2.43€</span></div></div><div class="infos-produit-2"><a title="Voir le produit" href="http://www.refonte.auchandirect.fr/hygiène-beauté/corps/serviettes-hygiéniques/id1/492/105236"><h2>NANA</h2><h4>Serviettes hygiéniques</h4><h4>Dry fast</h4><p>
14 Pièces
<br/>
0.17€/pièce
</p></a></div><div class="mini_picto_bas"></div></div></div></td><td><!-- PL : ici --><div class="bloc-produit "><div class="bloc-produit-content"><a title="Voir le produit" href="http://www.refonte.auchandirect.fr/hygiène-beauté/corps/serviettes-hygiéniques/id1/492/105237"><img src="http://www.refonte.auchandirect.fr/static/images/products/line/105237.jpg" alt="" class="produit "/></a><div class="picto"><span class="invisible"></span></div><div class="boutons-produit"><a id="addProductToBasket_84" onclick="javascript:Tapestry.waitForPage(event);" title="Ajouter au panier" class="bt-produit-ajout-panier" href="http://www.refonte.auchandirect.fr/rayon.productgridorlist.productlist_1.thumbnailproduct_0.addproducttobasket/105237?t:ac=492">Ajouter au panier</a><a id="addProductToShoppingList_141" onclick="javascript:Tapestry.waitForPage(event);" title="Ajouter à ma liste" class="bt-produit-ajout-liste" href="http://www.refonte.auchandirect.fr/rayon.productgridorlist.productlist_1.thumbnailproduct_0.addproducttoshoppinglist/105237?t:ac=492">Ajouter à ma liste</a></div><div class="infos-produit-1"><div class="prix-actuel"><span>2.43€</span></div></div><div class="infos-produit-2"><a title="Voir le produit" href="http://www.refonte.auchandirect.fr/hygiène-beauté/corps/serviettes-hygiéniques/id1/492/105237"><h2>NANA</h2><h4>Serviettes hygiéniques</h4><h4>Dry fast</h4><p>
16 Pièces
<br/>
0.15€/pièce
</p></a></div><div class="mini_picto_bas"></div></div></div></td><td><!-- PL : ici --><div class="bloc-produit "><div class="bloc-produit-content"><a title="Voir le produit" href="http://www.refonte.auchandirect.fr/hygiène-beauté/corps/déodorant-fraîcheur-cologne-spray/id1/492/100388"><img src="http://www.refonte.auchandirect.fr/static/images/products/line/100388.jpg" alt="" class="produit "/></a><div class="picto"><span class="invisible"></span></div><div class="boutons-produit"><a id="addProductToBasket_85" onclick="javascript:Tapestry.waitForPage(event);" title="Ajouter au panier" class="bt-produit-ajout-panier" href="http://www.refonte.auchandirect.fr/rayon.productgridorlist.productlist_1.thumbnailproduct_0.addproducttobasket/100388?t:ac=492">Ajouter au panier</a><a id="addProductToShoppingList_142" onclick="javascript:Tapestry.waitForPage(event);" title="Ajouter à ma liste" class="bt-produit-ajout-liste" href="http://www.refonte.auchandirect.fr/rayon.productgridorlist.productlist_1.thumbnailproduct_0.addproducttoshoppinglist/100388?t:ac=492">Ajouter à ma liste</a></div><div class="infos-produit-1"><div class="prix-actuel"><span>3.59€</span></div></div><div class="infos-produit-2"><a title="Voir le produit" href="http://www.refonte.auchandirect.fr/hygiène-beauté/corps/déodorant-fraîcheur-cologne-spray/id1/492/100388"><h2>NARTA</h2><h4>Déodorant fraîcheur cologne spray</h4><h4></h4><p>
200 ml
<br/>
17.95€/l
</p></a></div><div class="mini_picto_bas"></div></div></div></td></tr><tr><td><!-- PL : ici --><div class="bloc-produit "><div class="bloc-produit-content"><a title="Voir le produit" href="http://www.refonte.auchandirect.fr/hygiène-beauté/corps/déodorant-fraîcheur/id1/492/55400"><img src="http://www.refonte.auchandirect.fr/static/images/products/line/55400.jpg" alt="" class="produit "/></a><div class="picto"><span class="invisible"></span></div><div class="boutons-produit"><a id="addProductToBasket_86" onclick="javascript:Tapestry.waitForPage(event);" title="Ajouter au panier" class="bt-produit-ajout-panier" href="http://www.refonte.auchandirect.fr/rayon.productgridorlist.productlist_1.thumbnailproduct_0.addproducttobasket/55400?t:ac=492">Ajouter au panier</a><a id="addProductToShoppingList_143" onclick="javascript:Tapestry.waitForPage(event);" title="Ajouter à ma liste" class="bt-produit-ajout-liste" href="http://www.refonte.auchandirect.fr/rayon.productgridorlist.productlist_1.thumbnailproduct_0.addproducttoshoppinglist/55400?t:ac=492">Ajouter à ma liste</a></div><div class="infos-produit-1"><div class="prix-actuel"><span>3.63€</span></div></div><div class="infos-produit-2"><a title="Voir le produit" href="http://www.refonte.auchandirect.fr/hygiène-beauté/corps/déodorant-fraîcheur/id1/492/55400"><h2>NARTA</h2><h4>Déodorant fraîcheur</h4><h4>Freshissime</h4><p>
200 ml
<br/>
18.15€/l
</p></a></div><div class="mini_picto_bas"></div></div></div></td><td><!-- PL : ici --><div class="bloc-produit  bientot-dispo"><div class="bloc-produit-content"><a title="Voir le produit" href="http://www.refonte.auchandirect.fr/hygiène-beauté/corps/déodorant-spray/id1/492/58154"><img src="http://www.refonte.auchandirect.fr/static/images/products/line/58154.jpg" alt="" class="produit "/></a><div class="picto"><span class="invisible"></span></div><div class="boutons-produit"><a class="bt-produit-ajout-panier disable" title="Bientôt disponible" href="javascript:void(0)">Bientôt disponible</a><a id="addProductToShoppingList_144" onclick="javascript:Tapestry.waitForPage(event);" title="Ajouter à ma liste" class="bt-produit-ajout-liste" href="http://www.refonte.auchandirect.fr/rayon.productgridorlist.productlist_1.thumbnailproduct_0.addproducttoshoppinglist/58154?t:ac=492">Ajouter à ma liste</a></div><div class="infos-produit-1"><div class="prix-actuel"><span>3.30€</span></div></div><div class="infos-produit-2"><a title="Voir le produit" href="http://www.refonte.auchandirect.fr/hygiène-beauté/corps/déodorant-spray/id1/492/58154"><h2>NARTA</h2><h4>Déodorant spray</h4><h4>Pierre d'alaun</h4><p>
200 ml
<br/>
16.50€/l
</p></a></div><div class="mini_picto_bas"></div></div></div></td><td><!-- PL : ici --><div class="bloc-produit "><div class="bloc-produit-content"><a title="Voir le produit" href="http://www.refonte.auchandirect.fr/hygiène-beauté/corps/deodorant-spray-anti-transpirant-fraicheur-naturelle/id1/492/42235"><img src="http://www.refonte.auchandirect.fr/static/images/products/line/42235.jpg" alt="" class="produit "/></a><div class="picto"><span class="invisible"></span></div><div class="boutons-produit"><a id="addProductToBasket_87" onclick="javascript:Tapestry.waitForPage(event);" title="Ajouter au panier" class="bt-produit-ajout-panier" href="http://www.refonte.auchandirect.fr/rayon.productgridorlist.productlist_1.thumbnailproduct_0.addproducttobasket/42235?t:ac=492">Ajouter au panier</a><a id="addProductToShoppingList_145" onclick="javascript:Tapestry.waitForPage(event);" title="Ajouter à ma liste" class="bt-produit-ajout-liste" href="http://www.refonte.auchandirect.fr/rayon.productgridorlist.productlist_1.thumbnailproduct_0.addproducttoshoppinglist/42235?t:ac=492">Ajouter à ma liste</a></div><div class="infos-produit-1"><div class="prix-actuel"><span>3.83€</span></div></div><div class="infos-produit-2"><a title="Voir le produit" href="http://www.refonte.auchandirect.fr/hygiène-beauté/corps/deodorant-spray-anti-transpirant-fraicheur-naturelle/id1/492/42235"><h2>NARTA</h2><h4>Deodorant spray anti-transpirant fraicheur naturelle</h4><h4>Bio efficacite</h4><p>
200 ml
<br/>
19.15€/l
</p></a></div><div class="mini_picto_bas"><img src="http://www.refonte.auchandirect.fr/static/images/AB_small.jpg"/></div></div></div></td></tr><tr><td><!-- PL : ici --><div class="bloc-produit "><div class="bloc-produit-content"><a title="Voir le produit" href="http://www.refonte.auchandirect.fr/hygiène-beauté/corps/déodorant-fraicheur-pure-anti-trace/id1/492/18427"><img src="http://www.refonte.auchandirect.fr/static/images/products/line/18427.jpg" alt="" class="produit "/></a><div class="picto"><span class="invisible"></span></div><div class="boutons-produit"><a id="addProductToBasket_88" onclick="javascript:Tapestry.waitForPage(event);" title="Ajouter au panier" class="bt-produit-ajout-panier" href="http://www.refonte.auchandirect.fr/rayon.productgridorlist.productlist_1.thumbnailproduct_0.addproducttobasket/18427?t:ac=492">Ajouter au panier</a><a id="addProductToShoppingList_146" onclick="javascript:Tapestry.waitForPage(event);" title="Ajouter à ma liste" class="bt-produit-ajout-liste" href="http://www.refonte.auchandirect.fr/rayon.productgridorlist.productlist_1.thumbnailproduct_0.addproducttoshoppinglist/18427?t:ac=492">Ajouter à ma liste</a></div><div class="infos-produit-1"><div class="prix-actuel"><span>3.95€</span></div></div><div class="infos-produit-2"><a title="Voir le produit" href="http://www.refonte.auchandirect.fr/hygiène-beauté/corps/déodorant-fraicheur-pure-anti-trace/id1/492/18427"><h2>NARTA</h2><h4>Déodorant fraicheur pure anti-trace</h4><h4>Invisible</h4><p>
200 ml
<br/>
19.75€/l
</p></a></div><div class="mini_picto_bas"></div></div></div></td><td><!-- PL : ici --><div class="bloc-produit "><div class="bloc-produit-content"><a title="Voir le produit" href="http://www.refonte.auchandirect.fr/hygiène-beauté/corps/déodorant-fraîcheur-florale-spray/id1/492/100389"><img src="http://www.refonte.auchandirect.fr/static/images/products/line/100389.jpg" alt="" class="produit "/></a><div class="picto"><span class="invisible"></span></div><div class="boutons-produit"><a id="addProductToBasket_89" onclick="javascript:Tapestry.waitForPage(event);" title="Ajouter au panier" class="bt-produit-ajout-panier" href="http://www.refonte.auchandirect.fr/rayon.productgridorlist.productlist_1.thumbnailproduct_0.addproducttobasket/100389?t:ac=492">Ajouter au panier</a><a id="addProductToShoppingList_147" onclick="javascript:Tapestry.waitForPage(event);" title="Ajouter à ma liste" class="bt-produit-ajout-liste" href="http://www.refonte.auchandirect.fr/rayon.productgridorlist.productlist_1.thumbnailproduct_0.addproducttoshoppinglist/100389?t:ac=492">Ajouter à ma liste</a></div><div class="infos-produit-1"><div class="prix-actuel"><span>3.44€</span></div></div><div class="infos-produit-2"><a title="Voir le produit" href="http://www.refonte.auchandirect.fr/hygiène-beauté/corps/déodorant-fraîcheur-florale-spray/id1/492/100389"><h2>NARTA</h2><h4>Déodorant fraîcheur florale spray</h4><h4></h4><p>
200 ml
<br/>
17.20€/l
</p></a></div><div class="mini_picto_bas"></div></div></div></td><td><!-- PL : ici --><div class="bloc-produit "><div class="bloc-produit-content"><a title="Voir le produit" href="http://www.refonte.auchandirect.fr/hygiène-beauté/corps/déodorant-bille/id1/492/58796"><img src="http://www.refonte.auchandirect.fr/static/images/products/line/58796.jpg" alt="" class="produit "/></a><div class="picto"><span class="invisible"></span></div><div class="boutons-produit"><a id="addProductToBasket_90" onclick="javascript:Tapestry.waitForPage(event);" title="Ajouter au panier" class="bt-produit-ajout-panier" href="http://www.refonte.auchandirect.fr/rayon.productgridorlist.productlist_1.thumbnailproduct_0.addproducttobasket/58796?t:ac=492">Ajouter au panier</a><a id="addProductToShoppingList_148" onclick="javascript:Tapestry.waitForPage(event);" title="Ajouter à ma liste" class="bt-produit-ajout-liste" href="http://www.refonte.auchandirect.fr/rayon.productgridorlist.productlist_1.thumbnailproduct_0.addproducttoshoppinglist/58796?t:ac=492">Ajouter à ma liste</a></div><div class="infos-produit-1"><div class="prix-actuel"><span>4.35€</span></div></div><div class="infos-produit-2"><a title="Voir le produit" href="http://www.refonte.auchandirect.fr/hygiène-beauté/corps/déodorant-bille/id1/492/58796"><h2>NARTA</h2><h4>Déodorant bille</h4><h4>Peirre d'alun</h4><p>
50 ml
<br/>
87.00€/l
</p></a></div><div class="mini_picto_bas"></div></div></div></td></tr><tr><td><!-- PL : ici --><div class="bloc-produit  bientot-dispo"><div class="bloc-produit-content"><a title="Voir le produit" href="http://www.refonte.auchandirect.fr/hygiène-beauté/corps/déodorant-bille-anti-traces/id1/492/34044"><img src="http://www.refonte.auchandirect.fr/static/images/products/line/34044.jpg" alt="" class="produit "/></a><div class="picto"><span class="invisible"></span></div><div class="boutons-produit"><a class="bt-produit-ajout-panier disable" title="Bientôt disponible" href="javascript:void(0)">Bientôt disponible</a><a id="addProductToShoppingList_149" onclick="javascript:Tapestry.waitForPage(event);" title="Ajouter à ma liste" class="bt-produit-ajout-liste" href="http://www.refonte.auchandirect.fr/rayon.productgridorlist.productlist_1.thumbnailproduct_0.addproducttoshoppinglist/34044?t:ac=492">Ajouter à ma liste</a></div><div class="infos-produit-1"><div class="prix-actuel"><span>4.11€</span></div></div><div class="infos-produit-2"><a title="Voir le produit" href="http://www.refonte.auchandirect.fr/hygiène-beauté/corps/déodorant-bille-anti-traces/id1/492/34044"><h2>NARTA</h2><h4>Déodorant bille anti-traces</h4><h4>Invisible</h4><p>
50 ml
<br/>
82.20€/l
</p></a></div><div class="mini_picto_bas"></div></div></div></td><td><!-- PL : ici --><div class="bloc-produit  bientot-dispo"><div class="bloc-produit-content"><a title="Voir le produit" href="http://www.refonte.auchandirect.fr/hygiène-beauté/corps/déodorant-bille-anti-transpirant-fraîcheur-naturelle/id1/492/22772"><img src="http://www.refonte.auchandirect.fr/static/images/products/line/22772.jpg" alt="" class="produit "/></a><div class="picto"><span class="invisible"></span></div><div class="boutons-produit"><a class="bt-produit-ajout-panier disable" title="Bientôt disponible" href="javascript:void(0)">Bientôt disponible</a><a id="addProductToShoppingList_150" onclick="javascript:Tapestry.waitForPage(event);" title="Ajouter à ma liste" class="bt-produit-ajout-liste" href="http://www.refonte.auchandirect.fr/rayon.productgridorlist.productlist_1.thumbnailproduct_0.addproducttoshoppinglist/22772?t:ac=492">Ajouter à ma liste</a></div><div class="infos-produit-1"><div class="prix-actuel"><span>4.23€</span></div></div><div class="infos-produit-2"><a title="Voir le produit" href="http://www.refonte.auchandirect.fr/hygiène-beauté/corps/déodorant-bille-anti-transpirant-fraîcheur-naturelle/id1/492/22772"><h2>NARTA</h2><h4>Déodorant bille anti-transpirant fraîcheur naturelle</h4><h4>Bio efficacité</h4><p>
50 ml
<br/>
84.60€/l
</p></a></div><div class="mini_picto_bas"><img src="http://www.refonte.auchandirect.fr/static/images/AB_small.jpg"/></div></div></div></td><td><!-- PL : ici --><div class="bloc-produit "><div class="bloc-produit-content"><a title="Voir le produit" href="http://www.refonte.auchandirect.fr/hygiène-beauté/corps/tampons-sans-applicateur/id1/492/7541"><img src="http://www.refonte.auchandirect.fr/static/images/products/line/7541.jpg" alt="" class="produit "/></a><div class="picto"><span class="invisible"></span></div><div class="boutons-produit"><a id="addProductToBasket_91" onclick="javascript:Tapestry.waitForPage(event);" title="Ajouter au panier" class="bt-produit-ajout-panier" href="http://www.refonte.auchandirect.fr/rayon.productgridorlist.productlist_1.thumbnailproduct_0.addproducttobasket/7541?t:ac=492">Ajouter au panier</a><a id="addProductToShoppingList_151" onclick="javascript:Tapestry.waitForPage(event);" title="Ajouter à ma liste" class="bt-produit-ajout-liste" href="http://www.refonte.auchandirect.fr/rayon.productgridorlist.productlist_1.thumbnailproduct_0.addproducttoshoppinglist/7541?t:ac=492">Ajouter à ma liste</a></div><div class="infos-produit-1"><div class="prix-actuel"><span>4.28€</span></div></div><div class="infos-produit-2"><a title="Voir le produit" href="http://www.refonte.auchandirect.fr/hygiène-beauté/corps/tampons-sans-applicateur/id1/492/7541"><h2>NETT</h2><h4>Tampons sans applicateur</h4><h4>Super plus</h4><p>
24 pièces
<br/>
0.18€/pièce
</p></a></div><div class="mini_picto_bas"></div></div></div></td></tr><tr><td><!-- PL : ici --><div class="bloc-produit "><div class="bloc-produit-content"><a title="Voir le produit" href="http://www.refonte.auchandirect.fr/hygiène-beauté/corps/tampons-sans-applicateur-super-flux/id1/492/44596"><img src="http://www.refonte.auchandirect.fr/static/images/products/line/44596.jpg" alt="" class="produit "/></a><div class="picto"><span class="invisible"></span></div><div class="boutons-produit"><a id="addProductToBasket_92" onclick="javascript:Tapestry.waitForPage(event);" title="Ajouter au panier" class="bt-produit-ajout-panier" href="http://www.refonte.auchandirect.fr/rayon.productgridorlist.productlist_1.thumbnailproduct_0.addproducttobasket/44596?t:ac=492">Ajouter au panier</a><a id="addProductToShoppingList_152" onclick="javascript:Tapestry.waitForPage(event);" title="Ajouter à ma liste" class="bt-produit-ajout-liste" href="http://www.refonte.auchandirect.fr/rayon.productgridorlist.productlist_1.thumbnailproduct_0.addproducttoshoppinglist/44596?t:ac=492">Ajouter à ma liste</a></div><div class="infos-produit-1"><div class="prix-actuel"><span>5.19€</span></div></div><div class="infos-produit-2"><a title="Voir le produit" href="http://www.refonte.auchandirect.fr/hygiène-beauté/corps/tampons-sans-applicateur-super-flux/id1/492/44596"><h2>NETT</h2><h4>Tampons sans applicateur super flux</h4><h4></h4><p>
32 pièces
<br/>
0.16€/pièce
</p></a></div><div class="mini_picto_bas"></div></div></div></td><td><!-- PL : ici --><div class="bloc-produit  bientot-dispo"><div class="bloc-produit-content"><a title="Voir le produit" href="http://www.refonte.auchandirect.fr/hygiène-beauté/corps/tampons-sans-applicateur/id1/492/22776"><img src="http://www.refonte.auchandirect.fr/static/images/products/line/22776.jpg" alt="" class="produit "/></a><div class="picto"><span class="invisible"></span></div><div class="boutons-produit"><a class="bt-produit-ajout-panier disable" title="Bientôt disponible" href="javascript:void(0)">Bientôt disponible</a><a id="addProductToShoppingList_153" onclick="javascript:Tapestry.waitForPage(event);" title="Ajouter à ma liste" class="bt-produit-ajout-liste" href="http://www.refonte.auchandirect.fr/rayon.productgridorlist.productlist_1.thumbnailproduct_0.addproducttoshoppinglist/22776?t:ac=492">Ajouter à ma liste</a></div><div class="infos-produit-1"><div class="prix-actuel"><span>3.47€</span></div></div><div class="infos-produit-2"><a title="Voir le produit" href="http://www.refonte.auchandirect.fr/hygiène-beauté/corps/tampons-sans-applicateur/id1/492/22776"><h2>NETT</h2><h4>Tampons sans applicateur</h4><h4>Mini</h4><p>
24 pièces
<br/>
0.14€/pièce
</p></a></div><div class="mini_picto_bas"></div></div></div></td><td><!-- PL : ici --><div class="bloc-produit "><div class="bloc-produit-content"><a title="Voir le produit" href="http://www.refonte.auchandirect.fr/hygiène-beauté/corps/tampons-sans-applicateur-flux-normal/id1/492/33680"><img src="http://www.refonte.auchandirect.fr/static/images/products/line/33680.jpg" alt="" class="produit "/></a><div class="picto"><span class="invisible"></span></div><div class="boutons-produit"><a id="addProductToBasket_93" onclick="javascript:Tapestry.waitForPage(event);" title="Ajouter au panier" class="bt-produit-ajout-panier" href="http://www.refonte.auchandirect.fr/rayon.productgridorlist.productlist_1.thumbnailproduct_0.addproducttobasket/33680?t:ac=492">Ajouter au panier</a><a id="addProductToShoppingList_154" onclick="javascript:Tapestry.waitForPage(event);" title="Ajouter à ma liste" class="bt-produit-ajout-liste" href="http://www.refonte.auchandirect.fr/rayon.productgridorlist.productlist_1.thumbnailproduct_0.addproducttoshoppinglist/33680?t:ac=492">Ajouter à ma liste</a></div><div class="infos-produit-1"><div class="prix-actuel"><span>4.84€</span></div></div><div class="infos-produit-2"><a title="Voir le produit" href="http://www.refonte.auchandirect.fr/hygiène-beauté/corps/tampons-sans-applicateur-flux-normal/id1/492/33680"><h2>NETT</h2><h4>Tampons sans applicateur flux normal</h4><h4></h4><p>
32 pièces
<br/>
0.15€/pièce
</p></a></div><div class="mini_picto_bas"></div></div></div></td></tr><tr><td><!-- PL : ici --><div class="bloc-produit "><div class="bloc-produit-content"><a title="Voir le produit" href="http://www.refonte.auchandirect.fr/hygiène-beauté/hommes/shampooing-douche-menthe-vivifiante/id1/433468/32761"><img src="http://www.refonte.auchandirect.fr/static/images/products/line/32761.jpg" alt="" class="produit "/></a><div class="picto"><span class="invisible"></span></div><div class="boutons-produit"><a id="addProductToBasket_94" onclick="javascript:Tapestry.waitForPage(event);" title="Ajouter au panier" class="bt-produit-ajout-panier" href="http://www.refonte.auchandirect.fr/rayon.productgridorlist.productlist_1.thumbnailproduct_0.addproducttobasket/32761?t:ac=492">Ajouter au panier</a><a id="addProductToShoppingList_155" onclick="javascript:Tapestry.waitForPage(event);" title="Ajouter à ma liste" class="bt-produit-ajout-liste" href="http://www.refonte.auchandirect.fr/rayon.productgridorlist.productlist_1.thumbnailproduct_0.addproducttoshoppinglist/32761?t:ac=492">Ajouter à ma liste</a></div><div class="infos-produit-1"><div class="prix-actuel"><span>2.75€</span></div></div><div class="infos-produit-2"><a title="Voir le produit" href="http://www.refonte.auchandirect.fr/hygiène-beauté/hommes/shampooing-douche-menthe-vivifiante/id1/433468/32761"><h2>NIVEA</h2><h4>Shampooing douche menthe vivifiante</h4><h4>Energy men</h4><p>
250 ml
<br/>
11.00€/l
</p></a></div><div class="mini_picto_bas"></div></div></div></td><td><!-- PL : ici --><div class="bloc-produit "><div class="bloc-produit-content"><a title="Voir le produit" href="http://www.refonte.auchandirect.fr/hygiène-beauté/corps/gel-douche-lily-&amp;-oil/id1/492/55758"><img src="http://www.refonte.auchandirect.fr/static/images/products/line/55758.jpg" alt="" class="produit "/></a><div class="picto"><span class="invisible"></span></div><div class="boutons-produit"><a id="addProductToBasket_95" onclick="javascript:Tapestry.waitForPage(event);" title="Ajouter au panier" class="bt-produit-ajout-panier" href="http://www.refonte.auchandirect.fr/rayon.productgridorlist.productlist_1.thumbnailproduct_0.addproducttobasket/55758?t:ac=492">Ajouter au panier</a><a id="addProductToShoppingList_156" onclick="javascript:Tapestry.waitForPage(event);" title="Ajouter à ma liste" class="bt-produit-ajout-liste" href="http://www.refonte.auchandirect.fr/rayon.productgridorlist.productlist_1.thumbnailproduct_0.addproducttoshoppinglist/55758?t:ac=492">Ajouter à ma liste</a></div><div class="infos-produit-1"><div class="prix-actuel"><span>2.92€</span></div></div><div class="infos-produit-2"><a title="Voir le produit" href="http://www.refonte.auchandirect.fr/hygiène-beauté/corps/gel-douche-lily-&amp;-oil/id1/492/55758"><h2>NIVEA</h2><h4>Gel douche Lily &amp; oil</h4><h4>Huile</h4><p>
250 ml
<br/>
11.68€/l
</p></a></div><div class="mini_picto_bas"></div></div></div></td><td><!-- PL : ici --><div class="bloc-produit  bientot-dispo"><div class="bloc-produit-content"><a title="Voir le produit" href="http://www.refonte.auchandirect.fr/hygiène-beauté/corps/huile-de-douche/id1/492/94657"><img src="http://www.refonte.auchandirect.fr/static/images/products/line/94657.jpg" alt="" class="produit "/></a><div class="picto"><span class="invisible"></span></div><div class="boutons-produit"><a class="bt-produit-ajout-panier disable" title="Bientôt disponible" href="javascript:void(0)">Bientôt disponible</a><a id="addProductToShoppingList_157" onclick="javascript:Tapestry.waitForPage(event);" title="Ajouter à ma liste" class="bt-produit-ajout-liste" href="http://www.refonte.auchandirect.fr/rayon.productgridorlist.productlist_1.thumbnailproduct_0.addproducttoshoppinglist/94657?t:ac=492">Ajouter à ma liste</a></div><div class="infos-produit-1"><div class="prix-actuel"><span>3.02€</span></div></div><div class="infos-produit-2"><a title="Voir le produit" href="http://www.refonte.auchandirect.fr/hygiène-beauté/corps/huile-de-douche/id1/492/94657"><h2>NIVEA</h2><h4>Huile de douche</h4><h4></h4><p>
200 ml
<br/>
15.10€/l
</p></a></div><div class="mini_picto_bas"></div></div></div></td></tr><tr><td><!-- PL : ici --><div class="bloc-produit "><div class="bloc-produit-content"><a title="Voir le produit" href="http://www.refonte.auchandirect.fr/hygiène-beauté/corps/déodorant-spray/id1/492/40812"><img src="http://www.refonte.auchandirect.fr/static/images/products/line/40812.jpg" alt="" class="produit "/></a><div class="picto"><span class="invisible"></span></div><div class="boutons-produit"><a id="addProductToBasket_96" onclick="javascript:Tapestry.waitForPage(event);" title="Ajouter au panier" class="bt-produit-ajout-panier" href="http://www.refonte.auchandirect.fr/rayon.productgridorlist.productlist_1.thumbnailproduct_0.addproducttobasket/40812?t:ac=492">Ajouter au panier</a><a id="addProductToShoppingList_158" onclick="javascript:Tapestry.waitForPage(event);" title="Ajouter à ma liste" class="bt-produit-ajout-liste" href="http://www.refonte.auchandirect.fr/rayon.productgridorlist.productlist_1.thumbnailproduct_0.addproducttoshoppinglist/40812?t:ac=492">Ajouter à ma liste</a></div><div class="infos-produit-1"><div class="prix-actuel"><span>3.88€</span></div></div><div class="infos-produit-2"><a title="Voir le produit" href="http://www.refonte.auchandirect.fr/hygiène-beauté/corps/déodorant-spray/id1/492/40812"><h2>NIVEA</h2><h4>Déodorant spray</h4><h4>Fresh natural</h4><p>
200 ml
<br/>
19.40€/l
</p></a></div><div class="mini_picto_bas"></div></div></div></td><td><!-- PL : ici --><div class="bloc-produit  bientot-dispo"><div class="bloc-produit-content"><a title="Voir le produit" href="http://www.refonte.auchandirect.fr/hygiène-beauté/corps/déodorant-atomiseur/id1/492/43781"><img src="http://www.refonte.auchandirect.fr/static/images/products/line/43781.jpg" alt="" class="produit "/></a><div class="picto"><span class="invisible"></span></div><div class="boutons-produit"><a class="bt-produit-ajout-panier disable" title="Bientôt disponible" href="javascript:void(0)">Bientôt disponible</a><a id="addProductToShoppingList_159" onclick="javascript:Tapestry.waitForPage(event);" title="Ajouter à ma liste" class="bt-produit-ajout-liste" href="http://www.refonte.auchandirect.fr/rayon.productgridorlist.productlist_1.thumbnailproduct_0.addproducttoshoppinglist/43781?t:ac=492">Ajouter à ma liste</a></div><div class="infos-produit-1"><div class="prix-actuel"><span>3.82€</span></div></div><div class="infos-produit-2"><a title="Voir le produit" href="http://www.refonte.auchandirect.fr/hygiène-beauté/corps/déodorant-atomiseur/id1/492/43781"><h2>NIVEA</h2><h4>Déodorant atomiseur</h4><h4>Pearl &amp; Beauty</h4><p>
200 ml
<br/>
19.10€/l
</p></a></div><div class="mini_picto_bas"></div></div></div></td><td><!-- PL : ici --><div class="bloc-produit "><div class="bloc-produit-content"><a title="Voir le produit" href="http://www.refonte.auchandirect.fr/hygiène-beauté/corps/déodorant-atomiseur/id1/492/47589"><img src="http://www.refonte.auchandirect.fr/static/images/products/line/47589.jpg" alt="" class="produit "/></a><div class="picto"><span class="invisible"></span></div><div class="boutons-produit"><a id="addProductToBasket_97" onclick="javascript:Tapestry.waitForPage(event);" title="Ajouter au panier" class="bt-produit-ajout-panier" href="http://www.refonte.auchandirect.fr/rayon.productgridorlist.productlist_1.thumbnailproduct_0.addproducttobasket/47589?t:ac=492">Ajouter au panier</a><a id="addProductToShoppingList_160" onclick="javascript:Tapestry.waitForPage(event);" title="Ajouter à ma liste" class="bt-produit-ajout-liste" href="http://www.refonte.auchandirect.fr/rayon.productgridorlist.productlist_1.thumbnailproduct_0.addproducttoshoppinglist/47589?t:ac=492">Ajouter à ma liste</a></div><div class="infos-produit-1"><div class="prix-actuel"><span>3.77€</span></div></div><div class="infos-produit-2"><a title="Voir le produit" href="http://www.refonte.auchandirect.fr/hygiène-beauté/corps/déodorant-atomiseur/id1/492/47589"><h2>NIVEA</h2><h4>Déodorant atomiseur</h4><h4>Pure Invisible</h4><p>
200 ml
<br/>
18.85€/l
</p></a></div><div class="mini_picto_bas"></div></div></div></td></tr><tr><td><!-- PL : ici --><div class="bloc-produit nouveaute"><div class="bloc-produit-content"><a title="Voir le produit" href="../d%25C3%25A9odorant-spray-action-jasmin/id1/492/59968.html"><img src="http://www.refonte.auchandirect.fr/static/images/products/line/59968.jpg" alt="" class="produit "/></a><div class="picto"><span class="invisible"></span></div><img alt="nouveauté" src="http://www.refonte.auchandirect.fr/static/images/ruban-nouveaute_small.png" class="ruban"/><div class="boutons-produit"><a id="addProductToBasket_98" onclick="javascript:Tapestry.waitForPage(event);" title="Ajouter au panier" class="bt-produit-ajout-panier" href="http://www.refonte.auchandirect.fr/rayon.productgridorlist.productlist_1.thumbnailproduct_0.addproducttobasket/59968?t:ac=492">Ajouter au panier</a><a id="addProductToShoppingList_161" onclick="javascript:Tapestry.waitForPage(event);" title="Ajouter à ma liste" class="bt-produit-ajout-liste" href="http://www.refonte.auchandirect.fr/rayon.productgridorlist.productlist_1.thumbnailproduct_0.addproducttoshoppinglist/59968?t:ac=492">Ajouter à ma liste</a></div><div class="infos-produit-1"><div class="prix-actuel"><span>3.89€</span></div></div><div class="infos-produit-2"><a title="Voir le produit" href="../d%25C3%25A9odorant-spray-action-jasmin/id1/492/59968.html"><h2>NIVEA</h2><h4>Déodorant spray action jasmin</h4><h4>Pure and Natural</h4><p>
200 ml
<br/>
19.45€/l
</p></a></div><div class="mini_picto_bas"></div></div></div></td><td><!-- PL : ici --><div class="bloc-produit "><div class="bloc-produit-content"><a title="Voir le produit" href="http://www.refonte.auchandirect.fr/hygiène-beauté/corps/déodorant-soin-douceur/id1/492/1925"><img src="http://www.refonte.auchandirect.fr/static/images/products/line/1925.jpg" alt="" class="produit "/></a><div class="picto"><span class="invisible"></span></div><div class="boutons-produit"><a id="addProductToBasket_99" onclick="javascript:Tapestry.waitForPage(event);" title="Ajouter au panier" class="bt-produit-ajout-panier" href="http://www.refonte.auchandirect.fr/rayon.productgridorlist.productlist_1.thumbnailproduct_0.addproducttobasket/1925?t:ac=492">Ajouter au panier</a><a id="addProductToShoppingList_162" onclick="javascript:Tapestry.waitForPage(event);" title="Ajouter à ma liste" class="bt-produit-ajout-liste" href="http://www.refonte.auchandirect.fr/rayon.productgridorlist.productlist_1.thumbnailproduct_0.addproducttoshoppinglist/1925?t:ac=492">Ajouter à ma liste</a></div><div class="infos-produit-1"><div class="prix-actuel"><span>4.04€</span></div></div><div class="infos-produit-2"><a title="Voir le produit" href="http://www.refonte.auchandirect.fr/hygiène-beauté/corps/déodorant-soin-douceur/id1/492/1925"><h2>NIVEA</h2><h4>Déodorant soin douceur</h4><h4></h4><p>
50 ml
<br/>
80.80€/l
</p></a></div><div class="mini_picto_bas"></div></div></div></td><td><!-- PL : ici --><div class="bloc-produit "><div class="bloc-produit-content"><a title="Voir le produit" href="http://www.refonte.auchandirect.fr/hygiène-beauté/corps/déodorant-bille/id1/492/47609"><img src="http://www.refonte.auchandirect.fr/static/images/products/line/47609.jpg" alt="" class="produit "/></a><div class="picto"><span class="invisible"></span></div><div class="boutons-produit"><a id="addProductToBasket_100" onclick="javascript:Tapestry.waitForPage(event);" title="Ajouter au panier" class="bt-produit-ajout-panier" href="http://www.refonte.auchandirect.fr/rayon.productgridorlist.productlist_1.thumbnailproduct_0.addproducttobasket/47609?t:ac=492">Ajouter au panier</a><a id="addProductToShoppingList_163" onclick="javascript:Tapestry.waitForPage(event);" title="Ajouter à ma liste" class="bt-produit-ajout-liste" href="http://www.refonte.auchandirect.fr/rayon.productgridorlist.productlist_1.thumbnailproduct_0.addproducttoshoppinglist/47609?t:ac=492">Ajouter à ma liste</a></div><div class="infos-produit-1"><div class="prix-actuel"><span>3.94€</span></div></div><div class="infos-produit-2"><a title="Voir le produit" href="http://www.refonte.auchandirect.fr/hygiène-beauté/corps/déodorant-bille/id1/492/47609"><h2>NIVEA</h2><h4>Déodorant bille</h4><h4>Pure Invisible</h4><p>
50 ml
<br/>
78.80€/l
</p></a></div><div class="mini_picto_bas"></div></div></div></td></tr><tr><td><!-- PL : ici --><div class="bloc-produit "><div class="bloc-produit-content"><a title="Voir le produit" href="http://www.refonte.auchandirect.fr/hygiène-beauté/corps/déodorant-stick-anti-transpirant/id1/492/16765"><img src="http://www.refonte.auchandirect.fr/static/images/products/line/16765.jpg" alt="" class="produit "/></a><div class="picto"><span class="invisible"></span></div><div class="boutons-produit"><a id="addProductToBasket_101" onclick="javascript:Tapestry.waitForPage(event);" title="Ajouter au panier" class="bt-produit-ajout-panier" href="http://www.refonte.auchandirect.fr/rayon.productgridorlist.productlist_1.thumbnailproduct_0.addproducttobasket/16765?t:ac=492">Ajouter au panier</a><a id="addProductToShoppingList_164" onclick="javascript:Tapestry.waitForPage(event);" title="Ajouter à ma liste" class="bt-produit-ajout-liste" href="http://www.refonte.auchandirect.fr/rayon.productgridorlist.productlist_1.thumbnailproduct_0.addproducttoshoppinglist/16765?t:ac=492">Ajouter à ma liste</a></div><div class="infos-produit-1"><div class="prix-actuel"><span>3.93€</span></div></div><div class="infos-produit-2"><a title="Voir le produit" href="http://www.refonte.auchandirect.fr/hygiène-beauté/corps/déodorant-stick-anti-transpirant/id1/492/16765"><h2>NIVEA</h2><h4>Déodorant stick anti transpirant</h4><h4>Dry comfort</h4><p>
40 ml
<br/>
98.25€/l
</p></a></div><div class="mini_picto_bas"></div></div></div></td><td><!-- PL : ici --><div class="bloc-produit "><div class="bloc-produit-content"><a title="Voir le produit" href="http://www.refonte.auchandirect.fr/hygiène-beauté/corps/déodorant-bille/id1/492/33348"><img src="http://www.refonte.auchandirect.fr/static/images/products/line/33348.jpg" alt="" class="produit "/></a><div class="picto"><span class="invisible"></span></div><div class="boutons-produit"><a id="addProductToBasket_102" onclick="javascript:Tapestry.waitForPage(event);" title="Ajouter au panier" class="bt-produit-ajout-panier" href="http://www.refonte.auchandirect.fr/rayon.productgridorlist.productlist_1.thumbnailproduct_0.addproducttobasket/33348?t:ac=492">Ajouter au panier</a><a id="addProductToShoppingList_165" onclick="javascript:Tapestry.waitForPage(event);" title="Ajouter à ma liste" class="bt-produit-ajout-liste" href="http://www.refonte.auchandirect.fr/rayon.productgridorlist.productlist_1.thumbnailproduct_0.addproducttoshoppinglist/33348?t:ac=492">Ajouter à ma liste</a></div><div class="infos-produit-1"><div class="prix-actuel"><span>3.99€</span></div></div><div class="infos-produit-2"><a title="Voir le produit" href="http://www.refonte.auchandirect.fr/hygiène-beauté/corps/déodorant-bille/id1/492/33348"><h2>NIVEA</h2><h4>Déodorant bille</h4><h4>Pearl &amp; Beauty</h4><p>
50 ml
<br/>
79.80€/l
</p></a></div><div class="mini_picto_bas"></div></div></div></td><td><!-- PL : ici --><div class="bloc-produit "><div class="bloc-produit-content"><a title="Voir le produit" href="http://www.refonte.auchandirect.fr/hygiène-beauté/corps/gommage-douceur-corps-extraits-de-camomille/id1/492/26558"><img src="http://www.refonte.auchandirect.fr/static/images/products/line/26558.jpg" alt="" class="produit "/></a><div class="picto"><span class="invisible"></span></div><div class="boutons-produit"><a id="addProductToBasket_103" onclick="javascript:Tapestry.waitForPage(event);" title="Ajouter au panier" class="bt-produit-ajout-panier" href="http://www.refonte.auchandirect.fr/rayon.productgridorlist.productlist_1.thumbnailproduct_0.addproducttobasket/26558?t:ac=492">Ajouter au panier</a><a id="addProductToShoppingList_166" onclick="javascript:Tapestry.waitForPage(event);" title="Ajouter à ma liste" class="bt-produit-ajout-liste" href="http://www.refonte.auchandirect.fr/rayon.productgridorlist.productlist_1.thumbnailproduct_0.addproducttoshoppinglist/26558?t:ac=492">Ajouter à ma liste</a></div><div class="infos-produit-1"><div class="prix-actuel"><span>6.78€</span></div></div><div class="infos-produit-2"><a title="Voir le produit" href="http://www.refonte.auchandirect.fr/hygiène-beauté/corps/gommage-douceur-corps-extraits-de-camomille/id1/492/26558"><h2>NIVEA</h2><h4>Gommage douceur corps extraits de camomille</h4><h4>Body</h4><p>
150 ml
<br/>
45.20€/l
</p></a></div><div class="mini_picto_bas"></div></div></div></td></tr><tr><td><!-- PL : ici --><div class="bloc-produit "><div class="bloc-produit-content"><a title="Voir le produit" href="http://www.refonte.auchandirect.fr/hygiène-beauté/corps/gel-minceur-remodelant/id1/492/46296"><img src="http://www.refonte.auchandirect.fr/static/images/products/line/46296.jpg" alt="" class="produit "/></a><div class="picto"><span class="invisible"></span></div><div class="boutons-produit"><a id="addProductToBasket_104" onclick="javascript:Tapestry.waitForPage(event);" title="Ajouter au panier" class="bt-produit-ajout-panier" href="http://www.refonte.auchandirect.fr/rayon.productgridorlist.productlist_1.thumbnailproduct_0.addproducttobasket/46296?t:ac=492">Ajouter au panier</a><a id="addProductToShoppingList_167" onclick="javascript:Tapestry.waitForPage(event);" title="Ajouter à ma liste" class="bt-produit-ajout-liste" href="http://www.refonte.auchandirect.fr/rayon.productgridorlist.productlist_1.thumbnailproduct_0.addproducttoshoppinglist/46296?t:ac=492">Ajouter à ma liste</a></div><div class="infos-produit-1"><div class="prix-actuel"><span>17.21€</span></div></div><div class="infos-produit-2"><a title="Voir le produit" href="http://www.refonte.auchandirect.fr/hygiène-beauté/corps/gel-minceur-remodelant/id1/492/46296"><h2>NIVEA</h2><h4>Gel minceur remodelant</h4><h4>Body - My Silhouette</h4><p>
200 ml
<br/>
86.05€/l
</p></a></div><div class="mini_picto_bas"></div></div></div></td><td><!-- PL : ici --><div class="bloc-produit "><div class="bloc-produit-content"><a title="Voir le produit" href="http://www.refonte.auchandirect.fr/hygiène-beauté/corps/gel-drainant-anti-cellulite/id1/492/33341"><img src="http://www.refonte.auchandirect.fr/static/images/products/line/33341.jpg" alt="" class="produit "/></a><div class="picto"><span class="invisible"></span></div><div class="boutons-produit"><a id="addProductToBasket_105" onclick="javascript:Tapestry.waitForPage(event);" title="Ajouter au panier" class="bt-produit-ajout-panier" href="http://www.refonte.auchandirect.fr/rayon.productgridorlist.productlist_1.thumbnailproduct_0.addproducttobasket/33341?t:ac=492">Ajouter au panier</a><a id="addProductToShoppingList_168" onclick="javascript:Tapestry.waitForPage(event);" title="Ajouter à ma liste" class="bt-produit-ajout-liste" href="http://www.refonte.auchandirect.fr/rayon.productgridorlist.productlist_1.thumbnailproduct_0.addproducttoshoppinglist/33341?t:ac=492">Ajouter à ma liste</a></div><div class="infos-produit-1"><div class="prix-actuel"><span>12.56€</span></div></div><div class="infos-produit-2"><a title="Voir le produit" href="http://www.refonte.auchandirect.fr/hygiène-beauté/corps/gel-drainant-anti-cellulite/id1/492/33341"><h2>NIVEA</h2><h4>Gel drainant anti cellulite</h4><h4>Body</h4><p>
200 ml
<br/>
62.80€/l
</p></a></div><div class="mini_picto_bas"></div></div></div></td><td><!-- PL : ici --><div class="bloc-produit "><div class="bloc-produit-content"><a title="Voir le produit" href="http://www.refonte.auchandirect.fr/hygiène-beauté/corps/sérum-anti-cellulite-q10/id1/492/98110"><img src="http://www.refonte.auchandirect.fr/static/images/products/line/98110.jpg" alt="" class="produit "/></a><div class="picto"><span class="invisible"></span></div><div class="boutons-produit"><a id="addProductToBasket_106" onclick="javascript:Tapestry.waitForPage(event);" title="Ajouter au panier" class="bt-produit-ajout-panier" href="http://www.refonte.auchandirect.fr/rayon.productgridorlist.productlist_1.thumbnailproduct_0.addproducttobasket/98110?t:ac=492">Ajouter au panier</a><a id="addProductToShoppingList_169" onclick="javascript:Tapestry.waitForPage(event);" title="Ajouter à ma liste" class="bt-produit-ajout-liste" href="http://www.refonte.auchandirect.fr/rayon.productgridorlist.productlist_1.thumbnailproduct_0.addproducttoshoppinglist/98110?t:ac=492">Ajouter à ma liste</a></div><div class="infos-produit-1"><div class="prix-actuel"><span>12.63€</span></div></div><div class="infos-produit-2"><a title="Voir le produit" href="http://www.refonte.auchandirect.fr/hygiène-beauté/corps/sérum-anti-cellulite-q10/id1/492/98110"><h2>NIVEA</h2><h4>Sérum anti cellulite Q10</h4><h4>Good bye cellulite</h4><p>
75 ml
<br/>
168.40€/pièce
</p></a></div><div class="mini_picto_bas"></div></div></div></td></tr><tr><td><!-- PL : ici --><div class="bloc-produit "><div class="bloc-produit-content"><a title="Voir le produit" href="http://www.refonte.auchandirect.fr/hygiène-beauté/visage/crème-de-soin-hydratation-intense/id1/493/41256"><img src="http://www.refonte.auchandirect.fr/static/images/products/line/41256.jpg" alt="" class="produit "/></a><div class="picto"><span class="invisible"></span></div><div class="boutons-produit"><a id="addProductToBasket_107" onclick="javascript:Tapestry.waitForPage(event);" title="Ajouter au panier" class="bt-produit-ajout-panier" href="http://www.refonte.auchandirect.fr/rayon.productgridorlist.productlist_1.thumbnailproduct_0.addproducttobasket/41256?t:ac=492">Ajouter au panier</a><a id="addProductToShoppingList_170" onclick="javascript:Tapestry.waitForPage(event);" title="Ajouter à ma liste" class="bt-produit-ajout-liste" href="http://www.refonte.auchandirect.fr/rayon.productgridorlist.productlist_1.thumbnailproduct_0.addproducttoshoppinglist/41256?t:ac=492">Ajouter à ma liste</a></div><div class="infos-produit-1"><div class="prix-actuel"><span>4.44€</span></div></div><div class="infos-produit-2"><a title="Voir le produit" href="http://www.refonte.auchandirect.fr/hygiène-beauté/visage/crème-de-soin-hydratation-intense/id1/493/41256"><h2>NIVEA</h2><h4>Crème de soin hydratation intense</h4><h4>Soft</h4><p>
200 ml
<br/>
22.20€/l
</p></a></div><div class="mini_picto_bas"></div></div></div></td><td><!-- PL : ici --><div class="bloc-produit "><div class="bloc-produit-content"><a title="Voir le produit" href="http://www.refonte.auchandirect.fr/hygiène-beauté/corps/lait-fluide-hydratant-peaux-normales/id1/492/57240"><img src="http://www.refonte.auchandirect.fr/static/images/products/line/57240.jpg" alt="" class="produit "/></a><div class="picto"><span class="invisible"></span></div><div class="boutons-produit"><a id="addProductToBasket_108" onclick="javascript:Tapestry.waitForPage(event);" title="Ajouter au panier" class="bt-produit-ajout-panier" href="http://www.refonte.auchandirect.fr/rayon.productgridorlist.productlist_1.thumbnailproduct_0.addproducttobasket/57240?t:ac=492">Ajouter au panier</a><a id="addProductToShoppingList_171" onclick="javascript:Tapestry.waitForPage(event);" title="Ajouter à ma liste" class="bt-produit-ajout-liste" href="http://www.refonte.auchandirect.fr/rayon.productgridorlist.productlist_1.thumbnailproduct_0.addproducttoshoppinglist/57240?t:ac=492">Ajouter à ma liste</a></div><div class="infos-produit-1"><div class="prix-actuel"><span>4.67€</span></div></div><div class="infos-produit-2"><a title="Voir le produit" href="http://www.refonte.auchandirect.fr/hygiène-beauté/corps/lait-fluide-hydratant-peaux-normales/id1/492/57240"><h2>NIVEA</h2><h4>Lait fluide hydratant peaux normales</h4><h4>Body</h4><p>
250 ml
<br/>
18.68€/l
</p></a></div><div class="mini_picto_bas"></div></div></div></td><td><!-- PL : ici --><div class="bloc-produit "><div class="bloc-produit-content"><a title="Voir le produit" href="http://www.refonte.auchandirect.fr/hygiène-beauté/corps/lait-hydratant-happy-time/id1/492/55756"><img src="http://www.refonte.auchandirect.fr/static/images/products/line/55756.jpg" alt="" class="produit "/></a><div class="picto"><span class="invisible"></span></div><div class="boutons-produit"><a id="addProductToBasket_109" onclick="javascript:Tapestry.waitForPage(event);" title="Ajouter au panier" class="bt-produit-ajout-panier" href="http://www.refonte.auchandirect.fr/rayon.productgridorlist.productlist_1.thumbnailproduct_0.addproducttobasket/55756?t:ac=492">Ajouter au panier</a><a id="addProductToShoppingList_172" onclick="javascript:Tapestry.waitForPage(event);" title="Ajouter à ma liste" class="bt-produit-ajout-liste" href="http://www.refonte.auchandirect.fr/rayon.productgridorlist.productlist_1.thumbnailproduct_0.addproducttoshoppinglist/55756?t:ac=492">Ajouter à ma liste</a></div><div class="infos-produit-1"><div class="prix-actuel"><span>4.67€</span></div></div><div class="infos-produit-2"><a title="Voir le produit" href="http://www.refonte.auchandirect.fr/hygiène-beauté/corps/lait-hydratant-happy-time/id1/492/55756"><h2>NIVEA</h2><h4>Lait hydratant happy time</h4><h4>Body</h4><p>
250 ml
<br/>
18.68€/l
</p></a></div><div class="mini_picto_bas"></div></div></div></td></tr><tr><td><!-- PL : ici --><div class="bloc-produit "><div class="bloc-produit-content"><a title="Voir le produit" href="http://www.refonte.auchandirect.fr/hygiène-beauté/corps/lait-nourrissant-huile-d'argan-bio-et-jojoba-bio/id1/492/61589"><img src="http://www.refonte.auchandirect.fr/static/images/products/line/61589.jpg" alt="" class="produit "/></a><div class="picto"><span class="invisible"></span></div><div class="boutons-produit"><a id="addProductToBasket_110" onclick="javascript:Tapestry.waitForPage(event);" title="Ajouter au panier" class="bt-produit-ajout-panier" href="http://www.refonte.auchandirect.fr/rayon.productgridorlist.productlist_1.thumbnailproduct_0.addproducttobasket/61589?t:ac=492">Ajouter au panier</a><a id="addProductToShoppingList_173" onclick="javascript:Tapestry.waitForPage(event);" title="Ajouter à ma liste" class="bt-produit-ajout-liste" href="http://www.refonte.auchandirect.fr/rayon.productgridorlist.productlist_1.thumbnailproduct_0.addproducttoshoppinglist/61589?t:ac=492">Ajouter à ma liste</a></div><div class="infos-produit-1"><div class="prix-actuel"><span>5.90€</span></div></div><div class="infos-produit-2"><a title="Voir le produit" href="http://www.refonte.auchandirect.fr/hygiène-beauté/corps/lait-nourrissant-huile-d'argan-bio-et-jojoba-bio/id1/492/61589"><h2>NIVEA</h2><h4>Lait nourrissant huile d'argan bio et jojoba bio</h4><h4>Pure and Natural</h4><p>
250 ml
<br/>
23.60€/l
</p></a></div><div class="mini_picto_bas"></div></div></div></td><td><!-- PL : ici --><div class="bloc-produit "><div class="bloc-produit-content"><a title="Voir le produit" href="http://www.refonte.auchandirect.fr/hygiène-beauté/corps/lait-hydratant-douceur/id1/492/57241"><img src="http://www.refonte.auchandirect.fr/static/images/products/line/57241.jpg" alt="" class="produit "/></a><div class="picto"><span class="invisible"></span></div><div class="boutons-produit"><a id="addProductToBasket_111" onclick="javascript:Tapestry.waitForPage(event);" title="Ajouter au panier" class="bt-produit-ajout-panier" href="http://www.refonte.auchandirect.fr/rayon.productgridorlist.productlist_1.thumbnailproduct_0.addproducttobasket/57241?t:ac=492">Ajouter au panier</a><a id="addProductToShoppingList_174" onclick="javascript:Tapestry.waitForPage(event);" title="Ajouter à ma liste" class="bt-produit-ajout-liste" href="http://www.refonte.auchandirect.fr/rayon.productgridorlist.productlist_1.thumbnailproduct_0.addproducttoshoppinglist/57241?t:ac=492">Ajouter à ma liste</a></div><div class="infos-produit-1"><div class="prix-actuel"><span>4.75€</span></div></div><div class="infos-produit-2"><a title="Voir le produit" href="http://www.refonte.auchandirect.fr/hygiène-beauté/corps/lait-hydratant-douceur/id1/492/57241"><h2>NIVEA</h2><h4>Lait hydratant douceur</h4><h4>Body</h4><p>
250 ml
<br/>
19.00€/l
</p></a></div><div class="mini_picto_bas"></div></div></div></td><td><!-- PL : ici --><div class="bloc-produit "><div class="bloc-produit-content"><a title="Voir le produit" href="http://www.refonte.auchandirect.fr/hygiène-beauté/corps/lait-crème-nourrissante-peaux-très-sèches/id1/492/57243"><img src="http://www.refonte.auchandirect.fr/static/images/products/line/57243.jpg" alt="" class="produit "/></a><div class="picto"><span class="invisible"></span></div><div class="boutons-produit"><a id="addProductToBasket_112" onclick="javascript:Tapestry.waitForPage(event);" title="Ajouter au panier" class="bt-produit-ajout-panier" href="http://www.refonte.auchandirect.fr/rayon.productgridorlist.productlist_1.thumbnailproduct_0.addproducttobasket/57243?t:ac=492">Ajouter au panier</a><a id="addProductToShoppingList_175" onclick="javascript:Tapestry.waitForPage(event);" title="Ajouter à ma liste" class="bt-produit-ajout-liste" href="http://www.refonte.auchandirect.fr/rayon.productgridorlist.productlist_1.thumbnailproduct_0.addproducttoshoppinglist/57243?t:ac=492">Ajouter à ma liste</a></div><div class="infos-produit-1"><div class="prix-actuel"><span>8.57€</span></div></div><div class="infos-produit-2"><a title="Voir le produit" href="http://www.refonte.auchandirect.fr/hygiène-beauté/corps/lait-crème-nourrissante-peaux-très-sèches/id1/492/57243"><h2>NIVEA</h2><h4>Lait crème nourrissante peaux très sèches</h4><h4>Body</h4><p>
400 ml
<br/>
21.43€/l
</p></a></div><div class="mini_picto_bas"></div></div></div></td></tr><tr><td><!-- PL : ici --><div class="bloc-produit "><div class="bloc-produit-content"><a title="Voir le produit" href="http://www.refonte.auchandirect.fr/hygiène-beauté/corps/soin-intensif-anti-age-q10+/id1/492/39852"><img src="http://www.refonte.auchandirect.fr/static/images/products/line/39852.jpg" alt="" class="produit "/></a><div class="picto"><span class="invisible"></span></div><div class="boutons-produit"><a id="addProductToBasket_113" onclick="javascript:Tapestry.waitForPage(event);" title="Ajouter au panier" class="bt-produit-ajout-panier" href="http://www.refonte.auchandirect.fr/rayon.productgridorlist.productlist_1.thumbnailproduct_0.addproducttobasket/39852?t:ac=492">Ajouter au panier</a><a id="addProductToShoppingList_176" onclick="javascript:Tapestry.waitForPage(event);" title="Ajouter à ma liste" class="bt-produit-ajout-liste" href="http://www.refonte.auchandirect.fr/rayon.productgridorlist.productlist_1.thumbnailproduct_0.addproducttoshoppinglist/39852?t:ac=492">Ajouter à ma liste</a></div><div class="infos-produit-1"><div class="prix-actuel"><span>4.82€</span></div></div><div class="infos-produit-2"><a title="Voir le produit" href="http://www.refonte.auchandirect.fr/hygiène-beauté/corps/soin-intensif-anti-age-q10+/id1/492/39852"><h2>NIVEA</h2><h4>Soin intensif anti-age Q10+</h4><h4></h4><p>
100 ml
<br/>
48.20€/l
</p></a></div><div class="mini_picto_bas"></div></div></div></td><td><!-- PL : ici --><div class="bloc-produit  bientot-dispo"><div class="bloc-produit-content"><a title="Voir le produit" href="http://www.refonte.auchandirect.fr/hygiène-beauté/corps/crème-hydratante-et-réparatrice-pour-mains-sèches/id1/492/33342"><img src="http://www.refonte.auchandirect.fr/static/images/products/line/33342.jpg" alt="" class="produit "/></a><div class="picto"><span class="invisible"></span></div><div class="boutons-produit"><a class="bt-produit-ajout-panier disable" title="Bientôt disponible" href="javascript:void(0)">Bientôt disponible</a><a id="addProductToShoppingList_177" onclick="javascript:Tapestry.waitForPage(event);" title="Ajouter à ma liste" class="bt-produit-ajout-liste" href="http://www.refonte.auchandirect.fr/rayon.productgridorlist.productlist_1.thumbnailproduct_0.addproducttoshoppinglist/33342?t:ac=492">Ajouter à ma liste</a></div><div class="infos-produit-1"><div class="prix-actuel"><span>3.80€</span></div></div><div class="infos-produit-2"><a title="Voir le produit" href="http://www.refonte.auchandirect.fr/hygiène-beauté/corps/crème-hydratante-et-réparatrice-pour-mains-sèches/id1/492/33342"><h2>NIVEA</h2><h4>Crème hydratante et réparatrice pour mains sèches</h4><h4>Hand</h4><p>
50 ml
<br/>
76.00€/l
</p></a></div><div class="mini_picto_bas"></div></div></div></td><td><!-- PL : ici --><div class="bloc-produit  bientot-dispo"><div class="bloc-produit-content"><a title="Voir le produit" href="http://www.refonte.auchandirect.fr/hygiène-beauté/corps/crème-soin-intensif-pour-mains/id1/492/33344"><img src="http://www.refonte.auchandirect.fr/static/images/products/line/33344.jpg" alt="" class="produit "/></a><div class="picto"><span class="invisible"></span></div><div class="boutons-produit"><a class="bt-produit-ajout-panier disable" title="Bientôt disponible" href="javascript:void(0)">Bientôt disponible</a><a id="addProductToShoppingList_178" onclick="javascript:Tapestry.waitForPage(event);" title="Ajouter à ma liste" class="bt-produit-ajout-liste" href="http://www.refonte.auchandirect.fr/rayon.productgridorlist.productlist_1.thumbnailproduct_0.addproducttoshoppinglist/33344?t:ac=492">Ajouter à ma liste</a></div><div class="infos-produit-1"><div class="prix-actuel"><span>3.48€</span></div></div><div class="infos-produit-2"><a title="Voir le produit" href="http://www.refonte.auchandirect.fr/hygiène-beauté/corps/crème-soin-intensif-pour-mains/id1/492/33344"><h2>NIVEA</h2><h4>Crème soin intensif pour mains</h4><h4>Hand</h4><p>
100 ml
<br/>
34.80€/l
</p></a></div><div class="mini_picto_bas"></div></div></div></td></tr><tr><td><!-- PL : ici --><div class="bloc-produit  bientot-dispo"><div class="bloc-produit-content"><a title="Voir le produit" href="http://www.refonte.auchandirect.fr/hygiène-beauté/corps/gel-de-toilette-intime/id1/492/42939"><img src="http://www.refonte.auchandirect.fr/static/images/products/line/42939.jpg" alt="" class="produit "/></a><div class="picto"><span class="invisible"></span></div><div class="boutons-produit"><a class="bt-produit-ajout-panier disable" title="Bientôt disponible" href="javascript:void(0)">Bientôt disponible</a><a id="addProductToShoppingList_179" onclick="javascript:Tapestry.waitForPage(event);" title="Ajouter à ma liste" class="bt-produit-ajout-liste" href="http://www.refonte.auchandirect.fr/rayon.productgridorlist.productlist_1.thumbnailproduct_0.addproducttoshoppinglist/42939?t:ac=492">Ajouter à ma liste</a></div><div class="infos-produit-1"><div class="prix-actuel"><span>4.32€</span></div></div><div class="infos-produit-2"><a title="Voir le produit" href="http://www.refonte.auchandirect.fr/hygiène-beauté/corps/gel-de-toilette-intime/id1/492/42939"><h2>NIVEA</h2><h4>Gel de toilette intime</h4><h4>Intimate</h4><p>
250 ml
<br/>
17.28€/l
</p></a></div><div class="mini_picto_bas"></div></div></div></td><td><!-- PL : ici --><div class="bloc-produit "><div class="bloc-produit-content"><a title="Voir le produit" href="http://www.refonte.auchandirect.fr/hygiène-beauté/papier,-parapharmacie/lait-après-soleil/id1/494/7549"><img src="http://www.refonte.auchandirect.fr/static/images/products/line/7549.jpg" alt="" class="produit "/></a><div class="picto"><span class="invisible"></span></div><div class="boutons-produit"><a id="addProductToBasket_114" onclick="javascript:Tapestry.waitForPage(event);" title="Ajouter au panier" class="bt-produit-ajout-panier" href="http://www.refonte.auchandirect.fr/rayon.productgridorlist.productlist_1.thumbnailproduct_0.addproducttobasket/7549?t:ac=492">Ajouter au panier</a><a id="addProductToShoppingList_180" onclick="javascript:Tapestry.waitForPage(event);" title="Ajouter à ma liste" class="bt-produit-ajout-liste" href="http://www.refonte.auchandirect.fr/rayon.productgridorlist.productlist_1.thumbnailproduct_0.addproducttoshoppinglist/7549?t:ac=492">Ajouter à ma liste</a></div><div class="infos-produit-1"><div class="prix-actuel"><span>8.21€</span></div></div><div class="infos-produit-2"><a title="Voir le produit" href="http://www.refonte.auchandirect.fr/hygiène-beauté/papier,-parapharmacie/lait-après-soleil/id1/494/7549"><h2>NIVEA</h2><h4>Lait après-soleil</h4><h4>Sun</h4><p>
200 ml
<br/>
41.05€/l
</p></a></div><div class="mini_picto_bas"></div></div></div></td><td><!-- PL : ici --><div class="bloc-produit "><div class="bloc-produit-content"><a title="Voir le produit" href="http://www.refonte.auchandirect.fr/hygiène-beauté/papier,-parapharmacie/spray-protecteur-coloré-pour-enfants-ips-50/id1/494/46550"><img src="http://www.refonte.auchandirect.fr/static/images/products/line/46550.jpg" alt="" class="produit "/></a><div class="picto"><span class="invisible"></span></div><div class="boutons-produit"><a id="addProductToBasket_115" onclick="javascript:Tapestry.waitForPage(event);" title="Ajouter au panier" class="bt-produit-ajout-panier" href="http://www.refonte.auchandirect.fr/rayon.productgridorlist.productlist_1.thumbnailproduct_0.addproducttobasket/46550?t:ac=492">Ajouter au panier</a><a id="addProductToShoppingList_181" onclick="javascript:Tapestry.waitForPage(event);" title="Ajouter à ma liste" class="bt-produit-ajout-liste" href="http://www.refonte.auchandirect.fr/rayon.productgridorlist.productlist_1.thumbnailproduct_0.addproducttoshoppinglist/46550?t:ac=492">Ajouter à ma liste</a></div><div class="infos-produit-1"><div class="prix-actuel"><span>15.40€</span></div></div><div class="infos-produit-2"><a title="Voir le produit" href="http://www.refonte.auchandirect.fr/hygiène-beauté/papier,-parapharmacie/spray-protecteur-coloré-pour-enfants-ips-50/id1/494/46550"><h2>NIVEA</h2><h4>Spray protecteur coloré pour enfants IPS 50</h4><h4>SUN kids</h4><p>
200 ml
<br/>
77.00€/l
</p></a></div><div class="mini_picto_bas"></div></div></div></td></tr><tr><td><!-- PL : ici --><div class="bloc-produit "><div class="bloc-produit-content"><a title="Voir le produit" href="http://www.refonte.auchandirect.fr/hygiène-beauté/papier,-parapharmacie/spray-solaire-fps-30/id1/494/58716"><img src="http://www.refonte.auchandirect.fr/static/images/products/line/58716.jpg" alt="" class="produit "/></a><div class="picto"><span class="invisible"></span></div><div class="boutons-produit"><a id="addProductToBasket_116" onclick="javascript:Tapestry.waitForPage(event);" title="Ajouter au panier" class="bt-produit-ajout-panier" href="http://www.refonte.auchandirect.fr/rayon.productgridorlist.productlist_1.thumbnailproduct_0.addproducttobasket/58716?t:ac=492">Ajouter au panier</a><a id="addProductToShoppingList_182" onclick="javascript:Tapestry.waitForPage(event);" title="Ajouter à ma liste" class="bt-produit-ajout-liste" href="http://www.refonte.auchandirect.fr/rayon.productgridorlist.productlist_1.thumbnailproduct_0.addproducttoshoppinglist/58716?t:ac=492">Ajouter à ma liste</a></div><div class="infos-produit-1"><div class="prix-actuel"><span>17.98€</span></div></div><div class="infos-produit-2"><a title="Voir le produit" href="http://www.refonte.auchandirect.fr/hygiène-beauté/papier,-parapharmacie/spray-solaire-fps-30/id1/494/58716"><h2>NIVEA</h2><h4>Spray solaire FPS 30</h4><h4>Invisible</h4><p>
200 ml
<br/>
89.90€/l
</p></a></div><div class="mini_picto_bas"></div></div></div></td><td><!-- PL : ici --><div class="bloc-produit "><div class="bloc-produit-content"><a title="Voir le produit" href="http://www.refonte.auchandirect.fr/hygiène-beauté/papier,-parapharmacie/lait-solaire-fps-30/id1/494/58715"><img src="http://www.refonte.auchandirect.fr/static/images/products/line/58715.jpg" alt="" class="produit "/></a><div class="picto"><span class="invisible"></span></div><div class="boutons-produit"><a id="addProductToBasket_117" onclick="javascript:Tapestry.waitForPage(event);" title="Ajouter au panier" class="bt-produit-ajout-panier" href="http://www.refonte.auchandirect.fr/rayon.productgridorlist.productlist_1.thumbnailproduct_0.addproducttobasket/58715?t:ac=492">Ajouter au panier</a><a id="addProductToShoppingList_183" onclick="javascript:Tapestry.waitForPage(event);" title="Ajouter à ma liste" class="bt-produit-ajout-liste" href="http://www.refonte.auchandirect.fr/rayon.productgridorlist.productlist_1.thumbnailproduct_0.addproducttoshoppinglist/58715?t:ac=492">Ajouter à ma liste</a></div><div class="infos-produit-1"><div class="prix-actuel"><span>15.97€</span></div></div><div class="infos-produit-2"><a title="Voir le produit" href="http://www.refonte.auchandirect.fr/hygiène-beauté/papier,-parapharmacie/lait-solaire-fps-30/id1/494/58715"><h2>NIVEA</h2><h4>Lait solaire FPS 30</h4><h4>Protect and Bronze</h4><p>
200 ml
<br/>
79.85€/l
</p></a></div><div class="mini_picto_bas"></div></div></div></td><td><!-- PL : ici --><div class="bloc-produit "><div class="bloc-produit-content"><a title="Voir le produit" href="http://www.refonte.auchandirect.fr/hygiène-beauté/papier,-parapharmacie/lait-solaire-fps-20/id1/494/58714"><img src="http://www.refonte.auchandirect.fr/static/images/products/line/58714.jpg" alt="" class="produit "/></a><div class="picto"><span class="invisible"></span></div><div class="boutons-produit"><a id="addProductToBasket_118" onclick="javascript:Tapestry.waitForPage(event);" title="Ajouter au panier" class="bt-produit-ajout-panier" href="http://www.refonte.auchandirect.fr/rayon.productgridorlist.productlist_1.thumbnailproduct_0.addproducttobasket/58714?t:ac=492">Ajouter au panier</a><a id="addProductToShoppingList_184" onclick="javascript:Tapestry.waitForPage(event);" title="Ajouter à ma liste" class="bt-produit-ajout-liste" href="http://www.refonte.auchandirect.fr/rayon.productgridorlist.productlist_1.thumbnailproduct_0.addproducttoshoppinglist/58714?t:ac=492">Ajouter à ma liste</a></div><div class="infos-produit-1"><div class="prix-actuel"><span>13.57€</span></div></div><div class="infos-produit-2"><a title="Voir le produit" href="http://www.refonte.auchandirect.fr/hygiène-beauté/papier,-parapharmacie/lait-solaire-fps-20/id1/494/58714"><h2>NIVEA</h2><h4>Lait solaire FPS 20</h4><h4>Protect and Bronze</h4><p>
200 ml
<br/>
67.85€/l
</p></a></div><div class="mini_picto_bas"></div></div></div></td></tr><tr><td><!-- PL : ici --><div class="bloc-produit "><div class="bloc-produit-content"><a title="Voir le produit" href="http://www.refonte.auchandirect.fr/hygiène-beauté/corps/spray-solaire-fps-50/id1/492/97556"><img src="http://www.refonte.auchandirect.fr/static/images/products/line/97556.jpg" alt="" class="produit "/></a><div class="picto"><span class="invisible"></span></div><div class="boutons-produit"><a id="addProductToBasket_119" onclick="javascript:Tapestry.waitForPage(event);" title="Ajouter au panier" class="bt-produit-ajout-panier" href="http://www.refonte.auchandirect.fr/rayon.productgridorlist.productlist_1.thumbnailproduct_0.addproducttobasket/97556?t:ac=492">Ajouter au panier</a><a id="addProductToShoppingList_185" onclick="javascript:Tapestry.waitForPage(event);" title="Ajouter à ma liste" class="bt-produit-ajout-liste" href="http://www.refonte.auchandirect.fr/rayon.productgridorlist.productlist_1.thumbnailproduct_0.addproducttoshoppinglist/97556?t:ac=492">Ajouter à ma liste</a></div><div class="infos-produit-1"><div class="prix-actuel"><span>13.47€</span></div></div><div class="infos-produit-2"><a title="Voir le produit" href="http://www.refonte.auchandirect.fr/hygiène-beauté/corps/spray-solaire-fps-50/id1/492/97556"><h2>NIVEA</h2><h4>Spray solaire FPS 50</h4><h4>Pure&amp;Sensitive</h4><p>
200 ml
<br/>
67.35€/l
</p></a></div><div class="mini_picto_bas"></div></div></div></td><td><!-- PL : ici --><div class="bloc-produit "><div class="bloc-produit-content"><a title="Voir le produit" href="http://www.refonte.auchandirect.fr/hygiène-beauté/corps/spray-protecteur/id1/492/97563"><img src="http://www.refonte.auchandirect.fr/static/images/products/line/97563.jpg" alt="" class="produit "/></a><div class="picto"><span class="invisible"></span></div><div class="boutons-produit"><a id="addProductToBasket_120" onclick="javascript:Tapestry.waitForPage(event);" title="Ajouter au panier" class="bt-produit-ajout-panier" href="http://www.refonte.auchandirect.fr/rayon.productgridorlist.productlist_1.thumbnailproduct_0.addproducttobasket/97563?t:ac=492">Ajouter au panier</a><a id="addProductToShoppingList_186" onclick="javascript:Tapestry.waitForPage(event);" title="Ajouter à ma liste" class="bt-produit-ajout-liste" href="http://www.refonte.auchandirect.fr/rayon.productgridorlist.productlist_1.thumbnailproduct_0.addproducttoshoppinglist/97563?t:ac=492">Ajouter à ma liste</a></div><div class="infos-produit-1"><div class="prix-actuel"><span>12.63€</span></div></div><div class="infos-produit-2"><a title="Voir le produit" href="http://www.refonte.auchandirect.fr/hygiène-beauté/corps/spray-protecteur/id1/492/97563"><h2>NIVEA</h2><h4>Spray protecteur</h4><h4>FPS 30</h4><p>
200 ml
<br/>
63.15€/l
</p></a></div><div class="mini_picto_bas"></div></div></div></td><td><!-- PL : ici --><div class="bloc-produit "><div class="bloc-produit-content"><a title="Voir le produit" href="http://www.refonte.auchandirect.fr/hygiène-beauté/corps/lait-fps50/id1/492/97578"><img src="http://www.refonte.auchandirect.fr/static/images/products/line/97578.jpg" alt="" class="produit "/></a><div class="picto"><span class="invisible"></span></div><div class="boutons-produit"><a id="addProductToBasket_121" onclick="javascript:Tapestry.waitForPage(event);" title="Ajouter au panier" class="bt-produit-ajout-panier" href="http://www.refonte.auchandirect.fr/rayon.productgridorlist.productlist_1.thumbnailproduct_0.addproducttobasket/97578?t:ac=492">Ajouter au panier</a><a id="addProductToShoppingList_187" onclick="javascript:Tapestry.waitForPage(event);" title="Ajouter à ma liste" class="bt-produit-ajout-liste" href="http://www.refonte.auchandirect.fr/rayon.productgridorlist.productlist_1.thumbnailproduct_0.addproducttoshoppinglist/97578?t:ac=492">Ajouter à ma liste</a></div><div class="infos-produit-1"><div class="prix-actuel"><span>13.47€</span></div></div><div class="infos-produit-2"><a title="Voir le produit" href="http://www.refonte.auchandirect.fr/hygiène-beauté/corps/lait-fps50/id1/492/97578"><h2>NIVEA</h2><h4>Lait FPS50</h4><h4>Pure&amp;Sensitive</h4><p>
200 ml
<br/>
67.35€/l
</p></a></div><div class="mini_picto_bas"></div></div></div></td></tr><tr><td><!-- PL : ici --><div class="bloc-produit "><div class="bloc-produit-content"><a title="Voir le produit" href="http://www.refonte.auchandirect.fr/hygiène-beauté/corps/spray-solaire-protecteur-fps-50+/id1/492/47377"><img src="http://www.refonte.auchandirect.fr/static/images/products/line/47377.jpg" alt="" class="produit "/></a><div class="picto"><span class="invisible"></span></div><div class="boutons-produit"><a id="addProductToBasket_122" onclick="javascript:Tapestry.waitForPage(event);" title="Ajouter au panier" class="bt-produit-ajout-panier" href="http://www.refonte.auchandirect.fr/rayon.productgridorlist.productlist_1.thumbnailproduct_0.addproducttobasket/47377?t:ac=492">Ajouter au panier</a><a id="addProductToShoppingList_188" onclick="javascript:Tapestry.waitForPage(event);" title="Ajouter à ma liste" class="bt-produit-ajout-liste" href="http://www.refonte.auchandirect.fr/rayon.productgridorlist.productlist_1.thumbnailproduct_0.addproducttoshoppinglist/47377?t:ac=492">Ajouter à ma liste</a></div><div class="infos-produit-1"><div class="prix-actuel"><span>11.60€</span></div></div><div class="infos-produit-2"><a title="Voir le produit" href="http://www.refonte.auchandirect.fr/hygiène-beauté/corps/spray-solaire-protecteur-fps-50+/id1/492/47377"><h2>NIVEA</h2><h4>Spray solaire protecteur  FPS 50+</h4><h4>Sun</h4><p>
200 ml
<br/>
58.00€/l
</p></a></div><div class="mini_picto_bas"></div></div></div></td><td><!-- PL : ici --><div class="bloc-produit "><div class="bloc-produit-content"><a title="Voir le produit" href="http://www.refonte.auchandirect.fr/hygiène-beauté/corps/spray-protecteur-enfant-fps-50+/id1/492/95817"><img src="http://www.refonte.auchandirect.fr/static/images/products/line/95817.jpg" alt="" class="produit "/></a><div class="picto"><span class="invisible"></span></div><div class="boutons-produit"><a id="addProductToBasket_123" onclick="javascript:Tapestry.waitForPage(event);" title="Ajouter au panier" class="bt-produit-ajout-panier" href="http://www.refonte.auchandirect.fr/rayon.productgridorlist.productlist_1.thumbnailproduct_0.addproducttobasket/95817?t:ac=492">Ajouter au panier</a><a id="addProductToShoppingList_189" onclick="javascript:Tapestry.waitForPage(event);" title="Ajouter à ma liste" class="bt-produit-ajout-liste" href="http://www.refonte.auchandirect.fr/rayon.productgridorlist.productlist_1.thumbnailproduct_0.addproducttoshoppinglist/95817?t:ac=492">Ajouter à ma liste</a></div><div class="infos-produit-1"><div class="prix-actuel"><span>13.75€</span></div></div><div class="infos-produit-2"><a title="Voir le produit" href="http://www.refonte.auchandirect.fr/hygiène-beauté/corps/spray-protecteur-enfant-fps-50+/id1/492/95817"><h2>NIVEA</h2><h4>Spray Protecteur Enfant FPS 50+</h4><h4>Pure &amp; Sensitive</h4><p>
200 ml
<br/>
68.75€/l
</p></a></div><div class="mini_picto_bas"></div></div></div></td><td><!-- PL : ici --><div class="bloc-produit "><div class="bloc-produit-content"><a title="Voir le produit" href="http://www.refonte.auchandirect.fr/hygiène-beauté/corps/spray-protecteur-hydratant-fps-50+/id1/492/97579"><img src="http://www.refonte.auchandirect.fr/static/images/products/line/97579.jpg" alt="" class="produit "/></a><div class="picto"><span class="invisible"></span></div><div class="boutons-produit"><a id="addProductToBasket_124" onclick="javascript:Tapestry.waitForPage(event);" title="Ajouter au panier" class="bt-produit-ajout-panier" href="http://www.refonte.auchandirect.fr/rayon.productgridorlist.productlist_1.thumbnailproduct_0.addproducttobasket/97579?t:ac=492">Ajouter au panier</a><a id="addProductToShoppingList_190" onclick="javascript:Tapestry.waitForPage(event);" title="Ajouter à ma liste" class="bt-produit-ajout-liste" href="http://www.refonte.auchandirect.fr/rayon.productgridorlist.productlist_1.thumbnailproduct_0.addproducttoshoppinglist/97579?t:ac=492">Ajouter à ma liste</a></div><div class="infos-produit-1"><div class="prix-actuel"><span>14.08€</span></div></div><div class="infos-produit-2"><a title="Voir le produit" href="http://www.refonte.auchandirect.fr/hygiène-beauté/corps/spray-protecteur-hydratant-fps-50+/id1/492/97579"><h2>NIVEA</h2><h4>Spray protecteur hydratant FPS 50+</h4><h4>SUN</h4><p>
300 ml
<br/>
46.93€/l
</p></a></div><div class="mini_picto_bas"></div></div></div></td></tr><tr><td><!-- PL : ici --><div class="bloc-produit "><div class="bloc-produit-content"><a title="Voir le produit" href="http://www.refonte.auchandirect.fr/hygiène-beauté/corps/lait-protecteur-enfant-fps-50+/id1/492/94918"><img src="http://www.refonte.auchandirect.fr/static/images/products/line/94918.jpg" alt="" class="produit "/></a><div class="picto"><span class="invisible"></span></div><div class="boutons-produit"><a id="addProductToBasket_125" onclick="javascript:Tapestry.waitForPage(event);" title="Ajouter au panier" class="bt-produit-ajout-panier" href="http://www.refonte.auchandirect.fr/rayon.productgridorlist.productlist_1.thumbnailproduct_0.addproducttobasket/94918?t:ac=492">Ajouter au panier</a><a id="addProductToShoppingList_191" onclick="javascript:Tapestry.waitForPage(event);" title="Ajouter à ma liste" class="bt-produit-ajout-liste" href="http://www.refonte.auchandirect.fr/rayon.productgridorlist.productlist_1.thumbnailproduct_0.addproducttoshoppinglist/94918?t:ac=492">Ajouter à ma liste</a></div><div class="infos-produit-1"><div class="prix-actuel"><span>13.75€</span></div></div><div class="infos-produit-2"><a title="Voir le produit" href="http://www.refonte.auchandirect.fr/hygiène-beauté/corps/lait-protecteur-enfant-fps-50+/id1/492/94918"><h2>NIVEA</h2><h4>Lait Protecteur Enfant FPS 50+</h4><h4>Pure &amp; Sensitive</h4><p>
200 ml
<br/>
68.75€/l
</p></a></div><div class="mini_picto_bas"></div></div></div></td><td><!-- PL : ici --><div class="bloc-produit "><div class="bloc-produit-content"><a title="Voir le produit" href="http://www.refonte.auchandirect.fr/hygiène-beauté/corps/lait-protecteur-bébé-fps-50+/id1/492/97580"><img src="http://www.refonte.auchandirect.fr/static/images/products/line/97580.jpg" alt="" class="produit "/></a><div class="picto"><span class="invisible"></span></div><div class="boutons-produit"><a id="addProductToBasket_126" onclick="javascript:Tapestry.waitForPage(event);" title="Ajouter au panier" class="bt-produit-ajout-panier" href="http://www.refonte.auchandirect.fr/rayon.productgridorlist.productlist_1.thumbnailproduct_0.addproducttobasket/97580?t:ac=492">Ajouter au panier</a><a id="addProductToShoppingList_192" onclick="javascript:Tapestry.waitForPage(event);" title="Ajouter à ma liste" class="bt-produit-ajout-liste" href="http://www.refonte.auchandirect.fr/rayon.productgridorlist.productlist_1.thumbnailproduct_0.addproducttoshoppinglist/97580?t:ac=492">Ajouter à ma liste</a></div><div class="infos-produit-1"><div class="prix-actuel"><span>12.41€</span></div></div><div class="infos-produit-2"><a title="Voir le produit" href="http://www.refonte.auchandirect.fr/hygiène-beauté/corps/lait-protecteur-bébé-fps-50+/id1/492/97580"><h2>NIVEA</h2><h4>Lait protecteur Bébé FPS 50+</h4><h4>SUN</h4><p>
200 ml
<br/>
62.05€/pièce
</p></a></div><div class="mini_picto_bas"></div></div></div></td><td><!-- PL : ici --><div class="bloc-produit "><div class="bloc-produit-content"><a title="Voir le produit" href="http://www.refonte.auchandirect.fr/hygiène-beauté/corps/lait-protecteur-de-poche-enfants-fps-50+/id1/492/97581"><img src="http://www.refonte.auchandirect.fr/static/images/products/line/97581.jpg" alt="" class="produit "/></a><div class="picto"><span class="invisible"></span></div><div class="boutons-produit"><a id="addProductToBasket_127" onclick="javascript:Tapestry.waitForPage(event);" title="Ajouter au panier" class="bt-produit-ajout-panier" href="http://www.refonte.auchandirect.fr/rayon.productgridorlist.productlist_1.thumbnailproduct_0.addproducttobasket/97581?t:ac=492">Ajouter au panier</a><a id="addProductToShoppingList_193" onclick="javascript:Tapestry.waitForPage(event);" title="Ajouter à ma liste" class="bt-produit-ajout-liste" href="http://www.refonte.auchandirect.fr/rayon.productgridorlist.productlist_1.thumbnailproduct_0.addproducttoshoppinglist/97581?t:ac=492">Ajouter à ma liste</a></div><div class="infos-produit-1"><div class="prix-actuel"><span>5.78€</span></div></div><div class="infos-produit-2"><a title="Voir le produit" href="http://www.refonte.auchandirect.fr/hygiène-beauté/corps/lait-protecteur-de-poche-enfants-fps-50+/id1/492/97581"><h2>NIVEA</h2><h4>Lait protecteur de poche Enfants FPS 50+</h4><h4>SUN</h4><p>
50 ml
<br/>
115.60€/l
</p></a></div><div class="mini_picto_bas"></div></div></div></td></tr><tr><td><!-- PL : ici --><div class="bloc-produit "><div class="bloc-produit-content"><a title="Voir le produit" href="http://www.refonte.auchandirect.fr/hygiène-beauté/corps/lotion-intensive-q10/id1/492/59502"><img src="http://www.refonte.auchandirect.fr/static/images/products/line/59502.jpg" alt="" class="produit "/></a><div class="picto"><span class="invisible"></span></div><div class="boutons-produit"><a id="addProductToBasket_128" onclick="javascript:Tapestry.waitForPage(event);" title="Ajouter au panier" class="bt-produit-ajout-panier" href="http://www.refonte.auchandirect.fr/rayon.productgridorlist.productlist_1.thumbnailproduct_0.addproducttobasket/59502?t:ac=492">Ajouter au panier</a><a id="addProductToShoppingList_194" onclick="javascript:Tapestry.waitForPage(event);" title="Ajouter à ma liste" class="bt-produit-ajout-liste" href="http://www.refonte.auchandirect.fr/rayon.productgridorlist.productlist_1.thumbnailproduct_0.addproducttoshoppinglist/59502?t:ac=492">Ajouter à ma liste</a></div><div class="infos-produit-1"><div class="prix-actuel"><span>10.85€</span></div></div><div class="infos-produit-2"><a title="Voir le produit" href="http://www.refonte.auchandirect.fr/hygiène-beauté/corps/lotion-intensive-q10/id1/492/59502"><h2>PALMER'S</h2><h4>Lotion intensive Q10</h4><h4>Anti-vergetures</h4><p>
250 ml
<br/>
43.40€/l
</p></a></div><div class="mini_picto_bas"></div></div></div></td><td><!-- PL : ici --><div class="bloc-produit  bientot-dispo"><div class="bloc-produit-content"><a title="Voir le produit" href="http://www.refonte.auchandirect.fr/hygiène-beauté/corps/lait-nutritif-pour-corps/id1/492/42537"><img src="http://www.refonte.auchandirect.fr/static/images/products/line/42537.jpg" alt="" class="produit "/></a><div class="picto"><span class="invisible"></span></div><div class="boutons-produit"><a class="bt-produit-ajout-panier disable" title="Bientôt disponible" href="javascript:void(0)">Bientôt disponible</a><a id="addProductToShoppingList_195" onclick="javascript:Tapestry.waitForPage(event);" title="Ajouter à ma liste" class="bt-produit-ajout-liste" href="http://www.refonte.auchandirect.fr/rayon.productgridorlist.productlist_1.thumbnailproduct_0.addproducttoshoppinglist/42537?t:ac=492">Ajouter à ma liste</a></div><div class="infos-produit-1"><div class="prix-actuel"><span>8.04€</span></div></div><div class="infos-produit-2"><a title="Voir le produit" href="http://www.refonte.auchandirect.fr/hygiène-beauté/corps/lait-nutritif-pour-corps/id1/492/42537"><h2>PALMER'S</h2><h4>Lait nutritif pour corps</h4><h4>Beurre de cacao</h4><p>
250 ml
<br/>
32.16€/l
</p></a></div><div class="mini_picto_bas"></div></div></div></td><td><!-- PL : ici --><div class="bloc-produit "><div class="bloc-produit-content"><a title="Voir le produit" href="http://www.refonte.auchandirect.fr/hygiène-beauté/corps/lotion-de-massage-anti-vergetures/id1/492/15586"><img src="http://www.refonte.auchandirect.fr/static/images/products/line/15586.jpg" alt="" class="produit "/></a><div class="picto"><span class="invisible"></span></div><div class="boutons-produit"><a id="addProductToBasket_129" onclick="javascript:Tapestry.waitForPage(event);" title="Ajouter au panier" class="bt-produit-ajout-panier" href="http://www.refonte.auchandirect.fr/rayon.productgridorlist.productlist_1.thumbnailproduct_0.addproducttobasket/15586?t:ac=492">Ajouter au panier</a><a id="addProductToShoppingList_196" onclick="javascript:Tapestry.waitForPage(event);" title="Ajouter à ma liste" class="bt-produit-ajout-liste" href="http://www.refonte.auchandirect.fr/rayon.productgridorlist.productlist_1.thumbnailproduct_0.addproducttoshoppinglist/15586?t:ac=492">Ajouter à ma liste</a></div><div class="infos-produit-1"><div class="prix-actuel"><span>10.85€</span></div></div><div class="infos-produit-2"><a title="Voir le produit" href="http://www.refonte.auchandirect.fr/hygiène-beauté/corps/lotion-de-massage-anti-vergetures/id1/492/15586"><h2>PALMER'S</h2><h4>Lotion de massage anti-vergetures</h4><h4>Beurre de cacao</h4><p>
250 ml
<br/>
43.40€/l
</p></a></div><div class="mini_picto_bas"></div></div></div></td></tr><tr><td><!-- PL : ici --><div class="bloc-produit "><div class="bloc-produit-content"><a title="Voir le produit" href="http://www.refonte.auchandirect.fr/hygiène-beauté/corps/gel-douche-anti-stress-ylang-ylang/id1/492/23690"><img src="http://www.refonte.auchandirect.fr/static/images/products/line/23690.jpg" alt="" class="produit "/></a><div class="picto"><span class="invisible"></span></div><div class="boutons-produit"><a id="addProductToBasket_130" onclick="javascript:Tapestry.waitForPage(event);" title="Ajouter au panier" class="bt-produit-ajout-panier" href="http://www.refonte.auchandirect.fr/rayon.productgridorlist.productlist_1.thumbnailproduct_0.addproducttobasket/23690?t:ac=492">Ajouter au panier</a><a id="addProductToShoppingList_197" onclick="javascript:Tapestry.waitForPage(event);" title="Ajouter à ma liste" class="bt-produit-ajout-liste" href="http://www.refonte.auchandirect.fr/rayon.productgridorlist.productlist_1.thumbnailproduct_0.addproducttoshoppinglist/23690?t:ac=492">Ajouter à ma liste</a></div><div class="infos-produit-1"><div class="prix-actuel"><span>2.20€</span></div></div><div class="infos-produit-2"><a title="Voir le produit" href="http://www.refonte.auchandirect.fr/hygiène-beauté/corps/gel-douche-anti-stress-ylang-ylang/id1/492/23690"><h2>PALMOLIVE</h2><h4>Gel douche anti stress ylang-ylang</h4><h4>Aromatherapy</h4><p>
250 ml
<br/>
8.80€/l
</p></a></div><div class="mini_picto_bas"></div></div></div></td><td><!-- PL : ici --><div class="bloc-produit "><div class="bloc-produit-content"><a title="Voir le produit" href="http://www.refonte.auchandirect.fr/hygiène-beauté/corps/gel-douche-huile-de-jasmin-et-rose/id1/492/18225"><img src="http://www.refonte.auchandirect.fr/static/images/products/line/18225.jpg" alt="" class="produit "/></a><div class="picto"><span class="invisible"></span></div><div class="boutons-produit"><a id="addProductToBasket_131" onclick="javascript:Tapestry.waitForPage(event);" title="Ajouter au panier" class="bt-produit-ajout-panier" href="http://www.refonte.auchandirect.fr/rayon.productgridorlist.productlist_1.thumbnailproduct_0.addproducttobasket/18225?t:ac=492">Ajouter au panier</a><a id="addProductToShoppingList_198" onclick="javascript:Tapestry.waitForPage(event);" title="Ajouter à ma liste" class="bt-produit-ajout-liste" href="http://www.refonte.auchandirect.fr/rayon.productgridorlist.productlist_1.thumbnailproduct_0.addproducttoshoppinglist/18225?t:ac=492">Ajouter à ma liste</a></div><div class="infos-produit-1"><div class="prix-actuel"><span>2.20€</span></div></div><div class="infos-produit-2"><a title="Voir le produit" href="http://www.refonte.auchandirect.fr/hygiène-beauté/corps/gel-douche-huile-de-jasmin-et-rose/id1/492/18225"><h2>PALMOLIVE</h2><h4>Gel douche huile de jasmin et rose</h4><h4>Aromatherapy</h4><p>
250 ml
<br/>
8.80€/l
</p></a></div><div class="mini_picto_bas"></div></div></div></td><td><!-- PL : ici --><div class="bloc-produit "><div class="bloc-produit-content"><a title="Voir le produit" href="http://www.refonte.auchandirect.fr/hygiène-beauté/corps/gel-lavant-anti-bactérien-mains/id1/492/1317"><img src="http://www.refonte.auchandirect.fr/static/images/products/line/1317.jpg" alt="" class="produit "/></a><div class="picto"><span class="invisible"></span></div><div class="boutons-produit"><a id="addProductToBasket_132" onclick="javascript:Tapestry.waitForPage(event);" title="Ajouter au panier" class="bt-produit-ajout-panier" href="http://www.refonte.auchandirect.fr/rayon.productgridorlist.productlist_1.thumbnailproduct_0.addproducttobasket/1317?t:ac=492">Ajouter au panier</a><a id="addProductToShoppingList_199" onclick="javascript:Tapestry.waitForPage(event);" title="Ajouter à ma liste" class="bt-produit-ajout-liste" href="http://www.refonte.auchandirect.fr/rayon.productgridorlist.productlist_1.thumbnailproduct_0.addproducttoshoppinglist/1317?t:ac=492">Ajouter à ma liste</a></div><div class="infos-produit-1"><div class="prix-actuel"><span>2.39€</span></div></div><div class="infos-produit-2"><a title="Voir le produit" href="http://www.refonte.auchandirect.fr/hygiène-beauté/corps/gel-lavant-anti-bactérien-mains/id1/492/1317"><h2>PALMOLIVE</h2><h4>Gel lavant anti-bactérien mains</h4><h4>Pouss'mousse</h4><p>
300 ml
<br/>
7.97€/l
</p></a></div><div class="mini_picto_bas"></div></div></div></td></tr><tr><td><!-- PL : ici --><div class="bloc-produit  bientot-dispo"><div class="bloc-produit-content"><a title="Voir le produit" href="http://www.refonte.auchandirect.fr/hygiène-beauté/corps/savon-liquide-pompe/id1/492/23889"><img src="http://www.refonte.auchandirect.fr/static/images/products/line/23889.jpg" alt="" class="produit "/></a><div class="picto"><span class="invisible"></span></div><div class="boutons-produit"><a class="bt-produit-ajout-panier disable" title="Bientôt disponible" href="javascript:void(0)">Bientôt disponible</a><a id="addProductToShoppingList_200" onclick="javascript:Tapestry.waitForPage(event);" title="Ajouter à ma liste" class="bt-produit-ajout-liste" href="http://www.refonte.auchandirect.fr/rayon.productgridorlist.productlist_1.thumbnailproduct_0.addproducttoshoppinglist/23889?t:ac=492">Ajouter à ma liste</a></div><div class="infos-produit-1"><div class="prix-actuel"><span>2.41€</span></div></div><div class="infos-produit-2"><a title="Voir le produit" href="http://www.refonte.auchandirect.fr/hygiène-beauté/corps/savon-liquide-pompe/id1/492/23889"><h2>PALMOLIVE</h2><h4>Savon liquide pompe</h4><h4></h4><p>
300 ml
<br/>
8.03€/l
</p></a></div><div class="mini_picto_bas"></div></div></div></td><td><!-- PL : ici --><div class="bloc-produit "><div class="bloc-produit-content"><a title="Voir le produit" href="http://www.refonte.auchandirect.fr/hygiène-beauté/corps/gel-lavant-anti-bactérien-mains/id1/492/1503"><img src="http://www.refonte.auchandirect.fr/static/images/products/line/1503.jpg" alt="" class="produit "/></a><div class="picto"><span class="invisible"></span></div><div class="boutons-produit"><a id="addProductToBasket_133" onclick="javascript:Tapestry.waitForPage(event);" title="Ajouter au panier" class="bt-produit-ajout-panier" href="http://www.refonte.auchandirect.fr/rayon.productgridorlist.productlist_1.thumbnailproduct_0.addproducttobasket/1503?t:ac=492">Ajouter au panier</a><a id="addProductToShoppingList_201" onclick="javascript:Tapestry.waitForPage(event);" title="Ajouter à ma liste" class="bt-produit-ajout-liste" href="http://www.refonte.auchandirect.fr/rayon.productgridorlist.productlist_1.thumbnailproduct_0.addproducttoshoppinglist/1503?t:ac=492">Ajouter à ma liste</a></div><div class="infos-produit-1"><div class="prix-actuel"><span>1.16€</span></div></div><div class="infos-produit-2"><a title="Voir le produit" href="http://www.refonte.auchandirect.fr/hygiène-beauté/corps/gel-lavant-anti-bactérien-mains/id1/492/1503"><h2>PALMOLIVE</h2><h4>Gel lavant anti-bactérien mains</h4><h4>Hygiène plus</h4><p>
250 ml
<br/>
4.64€/l
</p></a></div><div class="mini_picto_bas"></div></div></div></td><td><!-- PL : ici --><div class="bloc-produit  bientot-dispo"><div class="bloc-produit-content"><a title="Voir le produit" href="http://www.refonte.auchandirect.fr/hygiène-beauté/corps/déodorant-atomiseur/id1/492/46587"><img src="http://www.refonte.auchandirect.fr/static/images/products/line/46587.jpg" alt="" class="produit "/></a><div class="picto"><span class="invisible"></span></div><div class="boutons-produit"><a class="bt-produit-ajout-panier disable" title="Bientôt disponible" href="javascript:void(0)">Bientôt disponible</a><a id="addProductToShoppingList_202" onclick="javascript:Tapestry.waitForPage(event);" title="Ajouter à ma liste" class="bt-produit-ajout-liste" href="http://www.refonte.auchandirect.fr/rayon.productgridorlist.productlist_1.thumbnailproduct_0.addproducttoshoppinglist/46587?t:ac=492">Ajouter à ma liste</a></div><div class="infos-produit-1"><div class="prix-actuel"><span>3.69€</span></div></div><div class="infos-produit-2"><a title="Voir le produit" href="http://www.refonte.auchandirect.fr/hygiène-beauté/corps/déodorant-atomiseur/id1/492/46587"><h2>REXONA</h2><h4>Déodorant atomiseur</h4><h4>Crystal Clear Pure</h4><p>
200 ml
<br/>
18.45€/l
</p></a></div><div class="mini_picto_bas"></div></div></div></td></tr><tr><td><!-- PL : ici --><div class="bloc-produit  bientot-dispo"><div class="bloc-produit-content"><a title="Voir le produit" href="http://www.refonte.auchandirect.fr/hygiène-beauté/corps/déodorant-24-h-protection-intensive/id1/492/7704"><img src="http://www.refonte.auchandirect.fr/static/images/products/line/7704.jpg" alt="" class="produit "/></a><div class="picto"><span class="invisible"></span></div><div class="boutons-produit"><a class="bt-produit-ajout-panier disable" title="Bientôt disponible" href="javascript:void(0)">Bientôt disponible</a><a id="addProductToShoppingList_203" onclick="javascript:Tapestry.waitForPage(event);" title="Ajouter à ma liste" class="bt-produit-ajout-liste" href="http://www.refonte.auchandirect.fr/rayon.productgridorlist.productlist_1.thumbnailproduct_0.addproducttoshoppinglist/7704?t:ac=492">Ajouter à ma liste</a></div><div class="infos-produit-1"><div class="prix-actuel"><span>3.02€</span></div></div><div class="infos-produit-2"><a title="Voir le produit" href="http://www.refonte.auchandirect.fr/hygiène-beauté/corps/déodorant-24-h-protection-intensive/id1/492/7704"><h2>REXONA</h2><h4>Déodorant 24 H protection intensive</h4><h4>Musc</h4><p>
200 ml
<br/>
15.10€/l
</p></a></div><div class="mini_picto_bas"></div></div></div></td><td><!-- PL : ici --><div class="bloc-produit  bientot-dispo"><div class="bloc-produit-content"><a title="Voir le produit" href="http://www.refonte.auchandirect.fr/hygiène-beauté/corps/déodorant-atomiseur/id1/492/61019"><img src="http://www.refonte.auchandirect.fr/static/images/products/line/61019.jpg" alt="" class="produit "/></a><div class="picto"><span class="invisible"></span></div><div class="boutons-produit"><a class="bt-produit-ajout-panier disable" title="Bientôt disponible" href="javascript:void(0)">Bientôt disponible</a><a id="addProductToShoppingList_204" onclick="javascript:Tapestry.waitForPage(event);" title="Ajouter à ma liste" class="bt-produit-ajout-liste" href="http://www.refonte.auchandirect.fr/rayon.productgridorlist.productlist_1.thumbnailproduct_0.addproducttoshoppinglist/61019?t:ac=492">Ajouter à ma liste</a></div><div class="infos-produit-1"><div class="prix-actuel"><span>3.67€</span></div></div><div class="infos-produit-2"><a title="Voir le produit" href="http://www.refonte.auchandirect.fr/hygiène-beauté/corps/déodorant-atomiseur/id1/492/61019"><h2>REXONA</h2><h4>Déodorant atomiseur</h4><h4>Clear Aqua</h4><p>
200 ml
<br/>
18.35€/l
</p></a></div><div class="mini_picto_bas"></div></div></div></td><td><!-- PL : ici --><div class="bloc-produit  bientot-dispo"><div class="bloc-produit-content"><a title="Voir le produit" href="http://www.refonte.auchandirect.fr/hygiène-beauté/corps/déodorant-roll-on-crystal-48h/id1/492/75663"><img src="http://www.refonte.auchandirect.fr/static/images/products/line/75663.jpg" alt="" class="produit "/></a><div class="picto"><span class="invisible"></span></div><div class="boutons-produit"><a class="bt-produit-ajout-panier disable" title="Bientôt disponible" href="javascript:void(0)">Bientôt disponible</a><a id="addProductToShoppingList_205" onclick="javascript:Tapestry.waitForPage(event);" title="Ajouter à ma liste" class="bt-produit-ajout-liste" href="http://www.refonte.auchandirect.fr/rayon.productgridorlist.productlist_1.thumbnailproduct_0.addproducttoshoppinglist/75663?t:ac=492">Ajouter à ma liste</a></div><div class="infos-produit-1"><div class="prix-actuel"><span>3.59€</span></div></div><div class="infos-produit-2"><a title="Voir le produit" href="http://www.refonte.auchandirect.fr/hygiène-beauté/corps/déodorant-roll-on-crystal-48h/id1/492/75663"><h2>REXONA</h2><h4>Déodorant roll-on crystal 48h</h4><h4>Clear Aqua</h4><p>
50 ml
<br/>
7.18€/l
</p></a></div><div class="mini_picto_bas"></div></div></div></td></tr><tr><td><!-- PL : ici --><div class="bloc-produit produit-auchan bientot-dispo"><div class="bloc-produit-content"><a title="Voir le produit" href="http://www.refonte.auchandirect.fr/hygiène-beauté/cheveux/gel-3-en-1-douche,-shampooing-et-bain/id1/491/30889"><img src="http://www.refonte.auchandirect.fr/static/images/products/line/30889.jpg" alt="" class="produit "/></a><div class="picto"><span class="invisible"></span></div><div class="boutons-produit"><a class="bt-produit-ajout-panier disable" title="Bientôt disponible" href="javascript:void(0)">Bientôt disponible</a><a id="addProductToShoppingList_206" onclick="javascript:Tapestry.waitForPage(event);" title="Ajouter à ma liste" class="bt-produit-ajout-liste" href="http://www.refonte.auchandirect.fr/rayon.productgridorlist.productlist_1.thumbnailproduct_0.addproducttoshoppinglist/30889?t:ac=492">Ajouter à ma liste</a></div><div class="infos-produit-1"><div class="prix-actuel"><span>1.42€</span></div></div><div class="infos-produit-2"><a title="Voir le produit" href="http://www.refonte.auchandirect.fr/hygiène-beauté/cheveux/gel-3-en-1-douche,-shampooing-et-bain/id1/491/30889"><h2>RIK &amp; ROK</h2><h4>Gel 3 en 1 douche, shampooing et bain</h4><h4>Cerise pistache</h4><p>
250 ml
<br/>
5.68€/l
</p></a></div><div class="mini_picto_bas"><img src="http://www.refonte.auchandirect.fr/static/images/rikrok_small.jpg"/></div></div></div></td><td><!-- PL : ici --><div class="bloc-produit produit-auchan bientot-dispo"><div class="bloc-produit-content"><a title="Voir le produit" href="http://www.refonte.auchandirect.fr/hygiène-beauté/corps/shampooing/douche-senteur-pêche-et-abricot/id1/492/50264"><img src="http://www.refonte.auchandirect.fr/static/images/products/line/50264.jpg" alt="" class="produit "/></a><div class="picto"><span class="invisible"></span></div><div class="boutons-produit"><a class="bt-produit-ajout-panier disable" title="Bientôt disponible" href="javascript:void(0)">Bientôt disponible</a><a id="addProductToShoppingList_207" onclick="javascript:Tapestry.waitForPage(event);" title="Ajouter à ma liste" class="bt-produit-ajout-liste" href="http://www.refonte.auchandirect.fr/rayon.productgridorlist.productlist_1.thumbnailproduct_0.addproducttoshoppinglist/50264?t:ac=492">Ajouter à ma liste</a></div><div class="infos-produit-1"><div class="prix-actuel"><span>4.00€</span></div></div><div class="infos-produit-2"><a title="Voir le produit" href="http://www.refonte.auchandirect.fr/hygiène-beauté/corps/shampooing/douche-senteur-pêche-et-abricot/id1/492/50264"><h2>RIK &amp; ROK</h2><h4>Shampooing/douche senteur pêche et abricot</h4><h4>Pêche abricot</h4><p>
750 ml
<br/>
5.33€/l
</p></a></div><div class="mini_picto_bas"><img src="http://www.refonte.auchandirect.fr/static/images/rikrok_small.jpg"/></div></div></div></td><td><!-- PL : ici --><div class="bloc-produit "><div class="bloc-produit-content"><a title="Voir le produit" href="http://www.refonte.auchandirect.fr/hygiène-beauté/corps/gel-douche-et-bain-pêche/id1/492/19950"><img src="http://www.refonte.auchandirect.fr/static/images/products/line/19950.jpg" alt="" class="produit "/></a><div class="picto"><span class="invisible"></span></div><div class="boutons-produit"><a id="addProductToBasket_134" onclick="javascript:Tapestry.waitForPage(event);" title="Ajouter au panier" class="bt-produit-ajout-panier" href="http://www.refonte.auchandirect.fr/rayon.productgridorlist.productlist_1.thumbnailproduct_0.addproducttobasket/19950?t:ac=492">Ajouter au panier</a><a id="addProductToShoppingList_208" onclick="javascript:Tapestry.waitForPage(event);" title="Ajouter à ma liste" class="bt-produit-ajout-liste" href="http://www.refonte.auchandirect.fr/rayon.productgridorlist.productlist_1.thumbnailproduct_0.addproducttoshoppinglist/19950?t:ac=492">Ajouter à ma liste</a></div><div class="infos-produit-1"><div class="prix-actuel"><span>3.93€</span></div></div><div class="infos-produit-2"><a title="Voir le produit" href="http://www.refonte.auchandirect.fr/hygiène-beauté/corps/gel-douche-et-bain-pêche/id1/492/19950"><h2>SANEX</h2><h4>Gel douche et bain pêche</h4><h4></h4><p>
500 ml
<br/>
7.86€/l
</p></a></div><div class="mini_picto_bas"></div></div></div></td></tr><tr><td><!-- PL : ici --><div class="bloc-produit  bientot-dispo"><div class="bloc-produit-content"><a title="Voir le produit" href="http://www.refonte.auchandirect.fr/hygiène-beauté/corps/gel-douche-et-bain/id1/492/19892"><img src="http://www.refonte.auchandirect.fr/static/images/products/line/19892.jpg" alt="" class="produit "/></a><div class="picto"><span class="invisible"></span></div><div class="boutons-produit"><a class="bt-produit-ajout-panier disable" title="Bientôt disponible" href="javascript:void(0)">Bientôt disponible</a><a id="addProductToShoppingList_209" onclick="javascript:Tapestry.waitForPage(event);" title="Ajouter à ma liste" class="bt-produit-ajout-liste" href="http://www.refonte.auchandirect.fr/rayon.productgridorlist.productlist_1.thumbnailproduct_0.addproducttoshoppinglist/19892?t:ac=492">Ajouter à ma liste</a></div><div class="infos-produit-1"><div class="prix-actuel"><span>5.60€</span></div></div><div class="infos-produit-2"><a title="Voir le produit" href="http://www.refonte.auchandirect.fr/hygiène-beauté/corps/gel-douche-et-bain/id1/492/19892"><h2>SANEX</h2><h4>Gel douche et bain</h4><h4></h4><p>
500 ml
<br/>
11.20€/l
</p></a></div><div class="mini_picto_bas"></div></div></div></td><td><!-- PL : ici --><div class="bloc-produit  bientot-dispo"><div class="bloc-produit-content"><a title="Voir le produit" href="http://www.refonte.auchandirect.fr/hygiène-beauté/corps/eco-recharge-de-douche-zéro-/id1/492/60390"><img src="http://www.refonte.auchandirect.fr/static/images/products/line/60390.jpg" alt="" class="produit "/></a><div class="picto"><span class="invisible"></span></div><div class="boutons-produit"><a class="bt-produit-ajout-panier disable" title="Bientôt disponible" href="javascript:void(0)">Bientôt disponible</a><a id="addProductToShoppingList_210" onclick="javascript:Tapestry.waitForPage(event);" title="Ajouter à ma liste" class="bt-produit-ajout-liste" href="http://www.refonte.auchandirect.fr/rayon.productgridorlist.productlist_1.thumbnailproduct_0.addproducttoshoppinglist/60390?t:ac=492">Ajouter à ma liste</a></div><div class="infos-produit-1"><div class="prix-actuel"><span>5.17€</span></div></div><div class="infos-produit-2"><a title="Voir le produit" href="http://www.refonte.auchandirect.fr/hygiène-beauté/corps/eco-recharge-de-douche-zéro-/id1/492/60390"><h2>SANEX</h2><h4>Eco-recharge de douche Zéro %</h4><h4>Peaux normales</h4><p>
500 ml
<br/>
10.34€/l
</p></a></div><div class="mini_picto_bas"><img src="http://www.refonte.auchandirect.fr/static/images/AB_small.jpg"/></div></div></div></td><td><!-- PL : ici --><div class="bloc-produit  bientot-dispo"><div class="bloc-produit-content"><a title="Voir le produit" href="http://www.refonte.auchandirect.fr/hygiène-beauté/corps/gel-douche-et-bain/id1/492/19971"><img src="http://www.refonte.auchandirect.fr/static/images/products/line/19971.jpg" alt="" class="produit "/></a><div class="picto"><span class="invisible"></span></div><div class="boutons-produit"><a class="bt-produit-ajout-panier disable" title="Bientôt disponible" href="javascript:void(0)">Bientôt disponible</a><a id="addProductToShoppingList_211" onclick="javascript:Tapestry.waitForPage(event);" title="Ajouter à ma liste" class="bt-produit-ajout-liste" href="http://www.refonte.auchandirect.fr/rayon.productgridorlist.productlist_1.thumbnailproduct_0.addproducttoshoppinglist/19971?t:ac=492">Ajouter à ma liste</a></div><div class="infos-produit-1"><div class="prix-actuel"><span>5.53€</span></div></div><div class="infos-produit-2"><a title="Voir le produit" href="http://www.refonte.auchandirect.fr/hygiène-beauté/corps/gel-douche-et-bain/id1/492/19971"><h2>SANEX</h2><h4>Gel douche et bain</h4><h4></h4><p>
500 ml
<br/>
11.06€/l
</p></a></div><div class="mini_picto_bas"></div></div></div></td></tr><tr><td><!-- PL : ici --><div class="bloc-produit "><div class="bloc-produit-content"><a title="Voir le produit" href="http://www.refonte.auchandirect.fr/hygiène-beauté/corps/gel-douche-hypoallergénique/id1/492/45347"><img src="http://www.refonte.auchandirect.fr/static/images/products/line/45347.jpg" alt="" class="produit "/></a><div class="picto"><span class="invisible"></span></div><div class="boutons-produit"><a id="addProductToBasket_135" onclick="javascript:Tapestry.waitForPage(event);" title="Ajouter au panier" class="bt-produit-ajout-panier" href="http://www.refonte.auchandirect.fr/rayon.productgridorlist.productlist_1.thumbnailproduct_0.addproducttobasket/45347?t:ac=492">Ajouter au panier</a><a id="addProductToShoppingList_212" onclick="javascript:Tapestry.waitForPage(event);" title="Ajouter à ma liste" class="bt-produit-ajout-liste" href="http://www.refonte.auchandirect.fr/rayon.productgridorlist.productlist_1.thumbnailproduct_0.addproducttoshoppinglist/45347?t:ac=492">Ajouter à ma liste</a></div><div class="infos-produit-1"><div class="prix-actuel"><span>3.12€</span></div></div><div class="infos-produit-2"><a title="Voir le produit" href="http://www.refonte.auchandirect.fr/hygiène-beauté/corps/gel-douche-hypoallergénique/id1/492/45347"><h2>SANEX</h2><h4>Gel douche hypoallergénique</h4><h4></h4><p>
250 ml
<br/>
12.48€/l
</p></a></div><div class="mini_picto_bas"></div></div></div></td><td><!-- PL : ici --><div class="bloc-produit "><div class="bloc-produit-content"><a title="Voir le produit" href="http://www.refonte.auchandirect.fr/hygiène-beauté/corps/gel-douche-peau-normale/id1/492/56805"><img src="http://www.refonte.auchandirect.fr/static/images/products/line/56805.jpg" alt="" class="produit "/></a><div class="picto"><span class="invisible"></span></div><div class="boutons-produit"><a id="addProductToBasket_136" onclick="javascript:Tapestry.waitForPage(event);" title="Ajouter au panier" class="bt-produit-ajout-panier" href="http://www.refonte.auchandirect.fr/rayon.productgridorlist.productlist_1.thumbnailproduct_0.addproducttobasket/56805?t:ac=492">Ajouter au panier</a><a id="addProductToShoppingList_213" onclick="javascript:Tapestry.waitForPage(event);" title="Ajouter à ma liste" class="bt-produit-ajout-liste" href="http://www.refonte.auchandirect.fr/rayon.productgridorlist.productlist_1.thumbnailproduct_0.addproducttoshoppinglist/56805?t:ac=492">Ajouter à ma liste</a></div><div class="infos-produit-1"><div class="prix-actuel"><span>3.23€</span></div></div><div class="infos-produit-2"><a title="Voir le produit" href="http://www.refonte.auchandirect.fr/hygiène-beauté/corps/gel-douche-peau-normale/id1/492/56805"><h2>SANEX</h2><h4>Gel douche peau normale</h4><h4>Zéro %</h4><p>
250 ml
<br/>
12.92€/l
</p></a></div><div class="mini_picto_bas"><img src="http://www.refonte.auchandirect.fr/static/images/AB_small.jpg"/></div></div></div></td><td><!-- PL : ici --><div class="bloc-produit  bientot-dispo"><div class="bloc-produit-content"><a title="Voir le produit" href="http://www.refonte.auchandirect.fr/hygiène-beauté/corps/déodorant-spray-pierre-d'alun-peaux-normales/id1/492/47734"><img src="http://www.refonte.auchandirect.fr/static/images/products/line/47734.jpg" alt="" class="produit "/></a><div class="picto"><span class="invisible"></span></div><div class="boutons-produit"><a class="bt-produit-ajout-panier disable" title="Bientôt disponible" href="javascript:void(0)">Bientôt disponible</a><a id="addProductToShoppingList_214" onclick="javascript:Tapestry.waitForPage(event);" title="Ajouter à ma liste" class="bt-produit-ajout-liste" href="http://www.refonte.auchandirect.fr/rayon.productgridorlist.productlist_1.thumbnailproduct_0.addproducttoshoppinglist/47734?t:ac=492">Ajouter à ma liste</a></div><div class="infos-produit-1"><div class="prix-actuel"><span>4.44€</span></div></div><div class="infos-produit-2"><a title="Voir le produit" href="http://www.refonte.auchandirect.fr/hygiène-beauté/corps/déodorant-spray-pierre-d'alun-peaux-normales/id1/492/47734"><h2>SANEX</h2><h4>Déodorant spray pierre d'alun peaux normales</h4><h4>Natur Protect</h4><p>
200 ml
<br/>
22.20€/l
</p></a></div><div class="mini_picto_bas"></div></div></div></td></tr><tr><td><!-- PL : ici --><div class="bloc-produit  bientot-dispo"><div class="bloc-produit-content"><a title="Voir le produit" href="http://www.refonte.auchandirect.fr/hygiène-beauté/corps/deodorant-anti-transpirant/id1/492/18922"><img src="http://www.refonte.auchandirect.fr/static/images/products/line/18922.jpg" alt="" class="produit "/></a><div class="picto"><span class="invisible"></span></div><div class="boutons-produit"><a class="bt-produit-ajout-panier disable" title="Bientôt disponible" href="javascript:void(0)">Bientôt disponible</a><a id="addProductToShoppingList_215" onclick="javascript:Tapestry.waitForPage(event);" title="Ajouter à ma liste" class="bt-produit-ajout-liste" href="http://www.refonte.auchandirect.fr/rayon.productgridorlist.productlist_1.thumbnailproduct_0.addproducttoshoppinglist/18922?t:ac=492">Ajouter à ma liste</a></div><div class="infos-produit-1"><div class="prix-actuel"><span>4.29€</span></div></div><div class="infos-produit-2"><a title="Voir le produit" href="http://www.refonte.auchandirect.fr/hygiène-beauté/corps/deodorant-anti-transpirant/id1/492/18922"><h2>SANEX</h2><h4>Deodorant anti-transpirant</h4><h4>Extra control</h4><p>
200 ml
<br/>
21.45€/l
</p></a></div><div class="mini_picto_bas"></div></div></div></td><td><!-- PL : ici --><div class="bloc-produit  bientot-dispo"><div class="bloc-produit-content"><a title="Voir le produit" href="http://www.refonte.auchandirect.fr/hygiène-beauté/corps/deodorant-spray-pierre-d'alun-peaux-sensibles/id1/492/47735"><img src="http://www.refonte.auchandirect.fr/static/images/products/line/47735.jpg" alt="" class="produit "/></a><div class="picto"><span class="invisible"></span></div><div class="boutons-produit"><a class="bt-produit-ajout-panier disable" title="Bientôt disponible" href="javascript:void(0)">Bientôt disponible</a><a id="addProductToShoppingList_216" onclick="javascript:Tapestry.waitForPage(event);" title="Ajouter à ma liste" class="bt-produit-ajout-liste" href="http://www.refonte.auchandirect.fr/rayon.productgridorlist.productlist_1.thumbnailproduct_0.addproducttoshoppinglist/47735?t:ac=492">Ajouter à ma liste</a></div><div class="infos-produit-1"><div class="prix-actuel"><span>4.44€</span></div></div><div class="infos-produit-2"><a title="Voir le produit" href="http://www.refonte.auchandirect.fr/hygiène-beauté/corps/deodorant-spray-pierre-d'alun-peaux-sensibles/id1/492/47735"><h2>SANEX</h2><h4>Deodorant spray pierre d'alun peaux sensibles</h4><h4>Natur Protect</h4><p>
200 ml
<br/>
22.20€/l
</p></a></div><div class="mini_picto_bas"></div></div></div></td><td><!-- PL : ici --><div class="bloc-produit  bientot-dispo"><div class="bloc-produit-content"><a title="Voir le produit" href="http://www.refonte.auchandirect.fr/hygiène-beauté/corps/déodorant-formule-antitraces-blanches-spray/id1/492/42248"><img src="http://www.refonte.auchandirect.fr/static/images/products/line/42248.jpg" alt="" class="produit "/></a><div class="picto"><span class="invisible"></span></div><div class="boutons-produit"><a class="bt-produit-ajout-panier disable" title="Bientôt disponible" href="javascript:void(0)">Bientôt disponible</a><a id="addProductToShoppingList_217" onclick="javascript:Tapestry.waitForPage(event);" title="Ajouter à ma liste" class="bt-produit-ajout-liste" href="http://www.refonte.auchandirect.fr/rayon.productgridorlist.productlist_1.thumbnailproduct_0.addproducttoshoppinglist/42248?t:ac=492">Ajouter à ma liste</a></div><div class="infos-produit-1"><div class="prix-actuel"><span>4.01€</span></div></div><div class="infos-produit-2"><a title="Voir le produit" href="http://www.refonte.auchandirect.fr/hygiène-beauté/corps/déodorant-formule-antitraces-blanches-spray/id1/492/42248"><h2>SANEX</h2><h4>Déodorant formule antitraces blanches spray</h4><h4></h4><p>
200 ml
<br/>
20.05€/l
</p></a></div><div class="mini_picto_bas"></div></div></div></td></tr><tr><td><!-- PL : ici --><div class="bloc-produit "><div class="bloc-produit-content"><a title="Voir le produit" href="http://www.refonte.auchandirect.fr/hygiène-beauté/corps/déodorant-en-stick/id1/492/44937"><img src="http://www.refonte.auchandirect.fr/static/images/products/line/44937.jpg" alt="" class="produit "/></a><div class="picto"><span class="invisible"></span></div><div class="boutons-produit"><a id="addProductToBasket_137" onclick="javascript:Tapestry.waitForPage(event);" title="Ajouter au panier" class="bt-produit-ajout-panier" href="http://www.refonte.auchandirect.fr/rayon.productgridorlist.productlist_1.thumbnailproduct_0.addproducttobasket/44937?t:ac=492">Ajouter au panier</a><a id="addProductToShoppingList_218" onclick="javascript:Tapestry.waitForPage(event);" title="Ajouter à ma liste" class="bt-produit-ajout-liste" href="http://www.refonte.auchandirect.fr/rayon.productgridorlist.productlist_1.thumbnailproduct_0.addproducttoshoppinglist/44937?t:ac=492">Ajouter à ma liste</a></div><div class="infos-produit-1"><div class="prix-actuel"><span>4.39€</span></div></div><div class="infos-produit-2"><a title="Voir le produit" href="http://www.refonte.auchandirect.fr/hygiène-beauté/corps/déodorant-en-stick/id1/492/44937"><h2>SANEX</h2><h4>Déodorant en stick</h4><h4>Anti-traces blanches</h4><p>
75 ml
<br/>
58.53€/l
</p></a></div><div class="mini_picto_bas"></div></div></div></td><td><!-- PL : ici --><div class="bloc-produit  bientot-dispo"><div class="bloc-produit-content"><a title="Voir le produit" href="http://www.refonte.auchandirect.fr/hygiène-beauté/corps/en-bille-pour-peaux-normales-bille/id1/492/47733"><img src="http://www.refonte.auchandirect.fr/static/images/products/line/47733.jpg" alt="" class="produit "/></a><div class="picto"><span class="invisible"></span></div><div class="boutons-produit"><a class="bt-produit-ajout-panier disable" title="Bientôt disponible" href="javascript:void(0)">Bientôt disponible</a><a id="addProductToShoppingList_219" onclick="javascript:Tapestry.waitForPage(event);" title="Ajouter à ma liste" class="bt-produit-ajout-liste" href="http://www.refonte.auchandirect.fr/rayon.productgridorlist.productlist_1.thumbnailproduct_0.addproducttoshoppinglist/47733?t:ac=492">Ajouter à ma liste</a></div><div class="infos-produit-1"><div class="prix-actuel"><span>4.76€</span></div></div><div class="infos-produit-2"><a title="Voir le produit" href="http://www.refonte.auchandirect.fr/hygiène-beauté/corps/en-bille-pour-peaux-normales-bille/id1/492/47733"><h2>SANEX</h2><h4>en bille pour peaux normales bille</h4><h4>Natur' protect</h4><p>
50 ml
<br/>
95.20€/l
</p></a></div><div class="mini_picto_bas"></div></div></div></td><td><!-- PL : ici --><div class="bloc-produit  bientot-dispo"><div class="bloc-produit-content"><a title="Voir le produit" href="http://www.refonte.auchandirect.fr/hygiène-beauté/corps/déodorant-en-bille-peaux-sensibles/id1/492/47843"><img src="http://www.refonte.auchandirect.fr/static/images/products/line/47843.jpg" alt="" class="produit "/></a><div class="picto"><span class="invisible"></span></div><div class="boutons-produit"><a class="bt-produit-ajout-panier disable" title="Bientôt disponible" href="javascript:void(0)">Bientôt disponible</a><a id="addProductToShoppingList_220" onclick="javascript:Tapestry.waitForPage(event);" title="Ajouter à ma liste" class="bt-produit-ajout-liste" href="http://www.refonte.auchandirect.fr/rayon.productgridorlist.productlist_1.thumbnailproduct_0.addproducttoshoppinglist/47843?t:ac=492">Ajouter à ma liste</a></div><div class="infos-produit-1"><div class="prix-actuel"><span>4.76€</span></div></div><div class="infos-produit-2"><a title="Voir le produit" href="http://www.refonte.auchandirect.fr/hygiène-beauté/corps/déodorant-en-bille-peaux-sensibles/id1/492/47843"><h2>SANEX</h2><h4>Déodorant en bille peaux sensibles</h4><h4>Nature' protect</h4><p>
50 ml
<br/>
95.20€/l
</p></a></div><div class="mini_picto_bas"></div></div></div></td></tr><tr><td><!-- PL : ici --><div class="bloc-produit  bientot-dispo"><div class="bloc-produit-content"><a title="Voir le produit" href="http://www.refonte.auchandirect.fr/hygiène-beauté/corps/déodorant-formule-antitraces-blanches-bille/id1/492/43726"><img src="http://www.refonte.auchandirect.fr/static/images/products/line/43726.jpg" alt="" class="produit "/></a><div class="picto"><span class="invisible"></span></div><div class="boutons-produit"><a class="bt-produit-ajout-panier disable" title="Bientôt disponible" href="javascript:void(0)">Bientôt disponible</a><a id="addProductToShoppingList_221" onclick="javascript:Tapestry.waitForPage(event);" title="Ajouter à ma liste" class="bt-produit-ajout-liste" href="http://www.refonte.auchandirect.fr/rayon.productgridorlist.productlist_1.thumbnailproduct_0.addproducttoshoppinglist/43726?t:ac=492">Ajouter à ma liste</a></div><div class="infos-produit-1"><div class="prix-actuel"><span>4.23€</span></div></div><div class="infos-produit-2"><a title="Voir le produit" href="http://www.refonte.auchandirect.fr/hygiène-beauté/corps/déodorant-formule-antitraces-blanches-bille/id1/492/43726"><h2>SANEX</h2><h4>Déodorant formule antitraces blanches bille</h4><h4></h4><p>
50 ml
<br/>
84.60€/l
</p></a></div><div class="mini_picto_bas"></div></div></div></td><td><!-- PL : ici --><div class="bloc-produit "><div class="bloc-produit-content"><a title="Voir le produit" href="http://www.refonte.auchandirect.fr/hygiène-beauté/corps/stop-verrues-freeze/id1/492/56710"><img src="http://www.refonte.auchandirect.fr/static/images/products/line/56710.jpg" alt="" class="produit "/></a><div class="picto"><span class="invisible"></span></div><div class="boutons-produit"><a id="addProductToBasket_138" onclick="javascript:Tapestry.waitForPage(event);" title="Ajouter au panier" class="bt-produit-ajout-panier" href="http://www.refonte.auchandirect.fr/rayon.productgridorlist.productlist_1.thumbnailproduct_0.addproducttobasket/56710?t:ac=492">Ajouter au panier</a><a id="addProductToShoppingList_222" onclick="javascript:Tapestry.waitForPage(event);" title="Ajouter à ma liste" class="bt-produit-ajout-liste" href="http://www.refonte.auchandirect.fr/rayon.productgridorlist.productlist_1.thumbnailproduct_0.addproducttoshoppinglist/56710?t:ac=492">Ajouter à ma liste</a></div><div class="infos-produit-1"><div class="prix-actuel"><span>14.46€</span></div></div><div class="infos-produit-2"><a title="Voir le produit" href="http://www.refonte.auchandirect.fr/hygiène-beauté/corps/stop-verrues-freeze/id1/492/56710"><h2>SCHOLL</h2><h4>Stop verrues Freeze</h4><h4></h4><p>
100 ml
<br/>
144.60€/l
</p></a></div><div class="mini_picto_bas"></div></div></div></td><td><!-- PL : ici --><div class="bloc-produit "><div class="bloc-produit-content"><a title="Voir le produit" href="http://www.refonte.auchandirect.fr/hygiène-beauté/corps/crème-nourrissante-pieds-&amp;-ongles/id1/492/47823"><img src="http://www.refonte.auchandirect.fr/static/images/products/line/47823.jpg" alt="" class="produit "/></a><div class="picto"><span class="invisible"></span></div><div class="boutons-produit"><a id="addProductToBasket_139" onclick="javascript:Tapestry.waitForPage(event);" title="Ajouter au panier" class="bt-produit-ajout-panier" href="http://www.refonte.auchandirect.fr/rayon.productgridorlist.productlist_1.thumbnailproduct_0.addproducttobasket/47823?t:ac=492">Ajouter au panier</a><a id="addProductToShoppingList_223" onclick="javascript:Tapestry.waitForPage(event);" title="Ajouter à ma liste" class="bt-produit-ajout-liste" href="http://www.refonte.auchandirect.fr/rayon.productgridorlist.productlist_1.thumbnailproduct_0.addproducttoshoppinglist/47823?t:ac=492">Ajouter à ma liste</a></div><div class="infos-produit-1"><div class="prix-actuel"><span>5.54€</span></div></div><div class="infos-produit-2"><a title="Voir le produit" href="http://www.refonte.auchandirect.fr/hygiène-beauté/corps/crème-nourrissante-pieds-&amp;-ongles/id1/492/47823"><h2>SCHOLL</h2><h4>Crème nourrissante pieds &amp; ongles</h4><h4></h4><p>
75 ml
<br/>
73.87€/l
</p></a></div><div class="mini_picto_bas"></div></div></div></td></tr><tr><td><!-- PL : ici --><div class="bloc-produit  bientot-dispo"><div class="bloc-produit-content"><a title="Voir le produit" href="http://www.refonte.auchandirect.fr/hygiène-beauté/corps/gel-douche-exotique/id1/492/59445"><img src="http://www.refonte.auchandirect.fr/static/images/products/line/59445.jpg" alt="" class="produit "/></a><div class="picto"><span class="invisible"></span></div><div class="boutons-produit"><a class="bt-produit-ajout-panier disable" title="Bientôt disponible" href="javascript:void(0)">Bientôt disponible</a><a id="addProductToShoppingList_224" onclick="javascript:Tapestry.waitForPage(event);" title="Ajouter à ma liste" class="bt-produit-ajout-liste" href="http://www.refonte.auchandirect.fr/rayon.productgridorlist.productlist_1.thumbnailproduct_0.addproducttoshoppinglist/59445?t:ac=492">Ajouter à ma liste</a></div><div class="infos-produit-1"><div class="prix-actuel"><span>3.09€</span></div></div><div class="infos-produit-2"><a title="Voir le produit" href="http://www.refonte.auchandirect.fr/hygiène-beauté/corps/gel-douche-exotique/id1/492/59445"><h2>TAHITI</h2><h4>Gel douche exotique</h4><h4>Kids</h4><p>
300 ml
<br/>
10.30€/l
</p></a></div><div class="mini_picto_bas"></div></div></div></td><td><!-- PL : ici --><div class="bloc-produit  bientot-dispo"><div class="bloc-produit-content"><a title="Voir le produit" href="http://www.refonte.auchandirect.fr/hygiène-beauté/corps/gel-douche/id1/492/42511"><img src="http://www.refonte.auchandirect.fr/static/images/products/line/42511.jpg" alt="" class="produit "/></a><div class="picto"><span class="invisible"></span></div><div class="boutons-produit"><a class="bt-produit-ajout-panier disable" title="Bientôt disponible" href="javascript:void(0)">Bientôt disponible</a><a id="addProductToShoppingList_225" onclick="javascript:Tapestry.waitForPage(event);" title="Ajouter à ma liste" class="bt-produit-ajout-liste" href="http://www.refonte.auchandirect.fr/rayon.productgridorlist.productlist_1.thumbnailproduct_0.addproducttoshoppinglist/42511?t:ac=492">Ajouter à ma liste</a></div><div class="infos-produit-1"><div class="prix-actuel"><span>2.29€</span></div></div><div class="infos-produit-2"><a title="Voir le produit" href="http://www.refonte.auchandirect.fr/hygiène-beauté/corps/gel-douche/id1/492/42511"><h2>TAHITI</h2><h4>Gel douche</h4><h4>Fleur de tiaré</h4><p>
250 ml
<br/>
9.16€/l
</p></a></div><div class="mini_picto_bas"></div></div></div></td><td><!-- PL : ici --><div class="bloc-produit  bientot-dispo"><div class="bloc-produit-content"><a title="Voir le produit" href="http://www.refonte.auchandirect.fr/hygiène-beauté/corps/gel-douche/id1/492/40195"><img src="http://www.refonte.auchandirect.fr/static/images/products/line/40195.jpg" alt="" class="produit "/></a><div class="picto"><span class="invisible"></span></div><div class="boutons-produit"><a class="bt-produit-ajout-panier disable" title="Bientôt disponible" href="javascript:void(0)">Bientôt disponible</a><a id="addProductToShoppingList_226" onclick="javascript:Tapestry.waitForPage(event);" title="Ajouter à ma liste" class="bt-produit-ajout-liste" href="http://www.refonte.auchandirect.fr/rayon.productgridorlist.productlist_1.thumbnailproduct_0.addproducttoshoppinglist/40195?t:ac=492">Ajouter à ma liste</a></div><div class="infos-produit-1"><div class="prix-actuel"><span>2.14€</span></div></div><div class="infos-produit-2"><a title="Voir le produit" href="http://www.refonte.auchandirect.fr/hygiène-beauté/corps/gel-douche/id1/492/40195"><h2>TAHITI</h2><h4>Gel douche</h4><h4>Orchidée</h4><p>
250 ml
<br/>
8.56€/l
</p></a></div><div class="mini_picto_bas"></div></div></div></td></tr><tr><td><!-- PL : ici --><div class="bloc-produit  bientot-dispo"><div class="bloc-produit-content"><a title="Voir le produit" href="http://www.refonte.auchandirect.fr/hygiène-beauté/hommes/gel-douche-tonifiant/id1/433468/2861"><img src="http://www.refonte.auchandirect.fr/static/images/products/line/2861.jpg" alt="" class="produit "/></a><div class="picto"><span class="invisible"></span></div><div class="boutons-produit"><a class="bt-produit-ajout-panier disable" title="Bientôt disponible" href="javascript:void(0)">Bientôt disponible</a><a id="addProductToShoppingList_227" onclick="javascript:Tapestry.waitForPage(event);" title="Ajouter à ma liste" class="bt-produit-ajout-liste" href="http://www.refonte.auchandirect.fr/rayon.productgridorlist.productlist_1.thumbnailproduct_0.addproducttoshoppinglist/2861?t:ac=492">Ajouter à ma liste</a></div><div class="infos-produit-1"><div class="prix-actuel"><span>2.32€</span></div></div><div class="infos-produit-2"><a title="Voir le produit" href="http://www.refonte.auchandirect.fr/hygiène-beauté/hommes/gel-douche-tonifiant/id1/433468/2861"><h2>TAHITI</h2><h4>Gel douche tonifiant</h4><h4>Monoï</h4><p>
250 ml
<br/>
9.28€/l
</p></a></div><div class="mini_picto_bas"></div></div></div></td><td><!-- PL : ici --><div class="bloc-produit "><div class="bloc-produit-content"><a title="Voir le produit" href="http://www.refonte.auchandirect.fr/hygiène-beauté/corps/gel-douche-hydratant/id1/492/2912"><img src="http://www.refonte.auchandirect.fr/static/images/products/line/2912.jpg" alt="" class="produit "/></a><div class="picto"><span class="invisible"></span></div><div class="boutons-produit"><a id="addProductToBasket_140" onclick="javascript:Tapestry.waitForPage(event);" title="Ajouter au panier" class="bt-produit-ajout-panier" href="http://www.refonte.auchandirect.fr/rayon.productgridorlist.productlist_1.thumbnailproduct_0.addproducttobasket/2912?t:ac=492">Ajouter au panier</a><a id="addProductToShoppingList_228" onclick="javascript:Tapestry.waitForPage(event);" title="Ajouter à ma liste" class="bt-produit-ajout-liste" href="http://www.refonte.auchandirect.fr/rayon.productgridorlist.productlist_1.thumbnailproduct_0.addproducttoshoppinglist/2912?t:ac=492">Ajouter à ma liste</a></div><div class="infos-produit-1"><div class="prix-actuel"><span>2.21€</span></div></div><div class="infos-produit-2"><a title="Voir le produit" href="http://www.refonte.auchandirect.fr/hygiène-beauté/corps/gel-douche-hydratant/id1/492/2912"><h2>TAHITI</h2><h4>Gel douche hydratant</h4><h4>Vanille des îles</h4><p>
250 ml
<br/>
8.84€/l
</p></a></div><div class="mini_picto_bas"></div></div></div></td><td><!-- PL : ici --><div class="bloc-produit  bientot-dispo"><div class="bloc-produit-content"><a title="Voir le produit" href="http://www.refonte.auchandirect.fr/hygiène-beauté/corps/gel-douche-nourrissante/id1/492/18104"><img src="http://www.refonte.auchandirect.fr/static/images/products/line/18104.jpg" alt="" class="produit "/></a><div class="picto"><span class="invisible"></span></div><div class="boutons-produit"><a class="bt-produit-ajout-panier disable" title="Bientôt disponible" href="javascript:void(0)">Bientôt disponible</a><a id="addProductToShoppingList_229" onclick="javascript:Tapestry.waitForPage(event);" title="Ajouter à ma liste" class="bt-produit-ajout-liste" href="http://www.refonte.auchandirect.fr/rayon.productgridorlist.productlist_1.thumbnailproduct_0.addproducttoshoppinglist/18104?t:ac=492">Ajouter à ma liste</a></div><div class="infos-produit-1"><div class="prix-actuel"><span>2.25€</span></div></div><div class="infos-produit-2"><a title="Voir le produit" href="http://www.refonte.auchandirect.fr/hygiène-beauté/corps/gel-douche-nourrissante/id1/492/18104"><h2>TAHITI</h2><h4>Gel douche nourrissante</h4><h4></h4><p>
250 ml
<br/>
9.00€/l
</p></a></div><div class="mini_picto_bas"></div></div></div></td></tr><tr><td><!-- PL : ici --><div class="bloc-produit "><div class="bloc-produit-content"><a title="Voir le produit" href="http://www.refonte.auchandirect.fr/hygiène-beauté/corps/gel-douche-adoucissante/id1/492/21698"><img src="http://www.refonte.auchandirect.fr/static/images/products/line/21698.jpg" alt="" class="produit "/></a><div class="picto"><span class="invisible"></span></div><div class="boutons-produit"><a id="addProductToBasket_141" onclick="javascript:Tapestry.waitForPage(event);" title="Ajouter au panier" class="bt-produit-ajout-panier" href="http://www.refonte.auchandirect.fr/rayon.productgridorlist.productlist_1.thumbnailproduct_0.addproducttobasket/21698?t:ac=492">Ajouter au panier</a><a id="addProductToShoppingList_230" onclick="javascript:Tapestry.waitForPage(event);" title="Ajouter à ma liste" class="bt-produit-ajout-liste" href="http://www.refonte.auchandirect.fr/rayon.productgridorlist.productlist_1.thumbnailproduct_0.addproducttoshoppinglist/21698?t:ac=492">Ajouter à ma liste</a></div><div class="infos-produit-1"><div class="prix-actuel"><span>2.09€</span></div></div><div class="infos-produit-2"><a title="Voir le produit" href="http://www.refonte.auchandirect.fr/hygiène-beauté/corps/gel-douche-adoucissante/id1/492/21698"><h2>TAHITI</h2><h4>Gel douche adoucissante</h4><h4></h4><p>
250 ml
<br/>
8.36€/l
</p></a></div><div class="mini_picto_bas"></div></div></div></td><td><!-- PL : ici --><div class="bloc-produit "><div class="bloc-produit-content"><a title="Voir le produit" href="http://www.refonte.auchandirect.fr/hygiène-beauté/corps/tampons-avec-applicateur-super-flux/id1/492/60498"><img src="http://www.refonte.auchandirect.fr/static/images/products/line/60498.jpg" alt="" class="produit "/></a><div class="picto"><span class="invisible"></span></div><div class="boutons-produit"><a id="addProductToBasket_142" onclick="javascript:Tapestry.waitForPage(event);" title="Ajouter au panier" class="bt-produit-ajout-panier" href="http://www.refonte.auchandirect.fr/rayon.productgridorlist.productlist_1.thumbnailproduct_0.addproducttobasket/60498?t:ac=492">Ajouter au panier</a><a id="addProductToShoppingList_231" onclick="javascript:Tapestry.waitForPage(event);" title="Ajouter à ma liste" class="bt-produit-ajout-liste" href="http://www.refonte.auchandirect.fr/rayon.productgridorlist.productlist_1.thumbnailproduct_0.addproducttoshoppinglist/60498?t:ac=492">Ajouter à ma liste</a></div><div class="infos-produit-1"><div class="prix-actuel"><span>4.74€</span></div></div><div class="infos-produit-2"><a title="Voir le produit" href="http://www.refonte.auchandirect.fr/hygiène-beauté/corps/tampons-avec-applicateur-super-flux/id1/492/60498"><h2>TAMPAX</h2><h4>Tampons avec applicateur super flux</h4><h4>Pearl</h4><p>
18 pièces
<br/>
0.26€/pièce
</p></a></div><div class="mini_picto_bas"></div></div></div></td><td><!-- PL : ici --><div class="bloc-produit  bientot-dispo"><div class="bloc-produit-content"><a title="Voir le produit" href="http://www.refonte.auchandirect.fr/hygiène-beauté/corps/tampons-fraicheur-avec-applicateur-flux-normal/id1/492/31903"><img src="http://www.refonte.auchandirect.fr/static/images/products/line/31903.jpg" alt="" class="produit "/></a><div class="picto"><span class="invisible"></span></div><div class="boutons-produit"><a class="bt-produit-ajout-panier disable" title="Bientôt disponible" href="javascript:void(0)">Bientôt disponible</a><a id="addProductToShoppingList_232" onclick="javascript:Tapestry.waitForPage(event);" title="Ajouter à ma liste" class="bt-produit-ajout-liste" href="http://www.refonte.auchandirect.fr/rayon.productgridorlist.productlist_1.thumbnailproduct_0.addproducttoshoppinglist/31903?t:ac=492">Ajouter à ma liste</a></div><div class="infos-produit-1"><div class="prix-actuel"><span>4.41€</span></div></div><div class="infos-produit-2"><a title="Voir le produit" href="http://www.refonte.auchandirect.fr/hygiène-beauté/corps/tampons-fraicheur-avec-applicateur-flux-normal/id1/492/31903"><h2>TAMPAX</h2><h4>Tampons fraicheur avec applicateur flux normal</h4><h4>Compak fraich'</h4><p>
20 pièces
<br/>
0.22€/pièce
</p></a></div><div class="mini_picto_bas"></div></div></div></td></tr><tr><td><!-- PL : ici --><div class="bloc-produit "><div class="bloc-produit-content"><a title="Voir le produit" href="http://www.refonte.auchandirect.fr/hygiène-beauté/corps/tampons-avec-applicateur-super-flux/id1/492/31904"><img src="http://www.refonte.auchandirect.fr/static/images/products/line/31904.jpg" alt="" class="produit "/></a><div class="picto"><span class="invisible"></span></div><div class="boutons-produit"><a id="addProductToBasket_143" onclick="javascript:Tapestry.waitForPage(event);" title="Ajouter au panier" class="bt-produit-ajout-panier" href="http://www.refonte.auchandirect.fr/rayon.productgridorlist.productlist_1.thumbnailproduct_0.addproducttobasket/31904?t:ac=492">Ajouter au panier</a><a id="addProductToShoppingList_233" onclick="javascript:Tapestry.waitForPage(event);" title="Ajouter à ma liste" class="bt-produit-ajout-liste" href="http://www.refonte.auchandirect.fr/rayon.productgridorlist.productlist_1.thumbnailproduct_0.addproducttoshoppinglist/31904?t:ac=492">Ajouter à ma liste</a></div><div class="infos-produit-1"><div class="prix-actuel"><span>4.29€</span></div></div><div class="infos-produit-2"><a title="Voir le produit" href="http://www.refonte.auchandirect.fr/hygiène-beauté/corps/tampons-avec-applicateur-super-flux/id1/492/31904"><h2>TAMPAX</h2><h4>Tampons avec applicateur super flux</h4><h4>Compak</h4><p>
20 pièces
<br/>
0.21€/pièce
</p></a></div><div class="mini_picto_bas"></div></div></div></td><td><!-- PL : ici --><div class="bloc-produit "><div class="bloc-produit-content"><a title="Voir le produit" href="http://www.refonte.auchandirect.fr/hygiène-beauté/corps/tampons-avec-applicateur-flux-normal/id1/492/31906"><img src="http://www.refonte.auchandirect.fr/static/images/products/line/31906.jpg" alt="" class="produit "/></a><div class="picto"><span class="invisible"></span></div><div class="boutons-produit"><a id="addProductToBasket_144" onclick="javascript:Tapestry.waitForPage(event);" title="Ajouter au panier" class="bt-produit-ajout-panier" href="http://www.refonte.auchandirect.fr/rayon.productgridorlist.productlist_1.thumbnailproduct_0.addproducttobasket/31906?t:ac=492">Ajouter au panier</a><a id="addProductToShoppingList_234" onclick="javascript:Tapestry.waitForPage(event);" title="Ajouter à ma liste" class="bt-produit-ajout-liste" href="http://www.refonte.auchandirect.fr/rayon.productgridorlist.productlist_1.thumbnailproduct_0.addproducttoshoppinglist/31906?t:ac=492">Ajouter à ma liste</a></div><div class="infos-produit-1"><div class="prix-actuel"><span>4.39€</span></div></div><div class="infos-produit-2"><a title="Voir le produit" href="http://www.refonte.auchandirect.fr/hygiène-beauté/corps/tampons-avec-applicateur-flux-normal/id1/492/31906"><h2>TAMPAX</h2><h4>Tampons avec applicateur flux normal</h4><h4>Compak</h4><p>
20 pièces
<br/>
0.22€/pièce
</p></a></div><div class="mini_picto_bas"></div></div></div></td><td><!-- PL : ici --><div class="bloc-produit "><div class="bloc-produit-content"><a title="Voir le produit" href="http://www.refonte.auchandirect.fr/hygiène-beauté/corps/tampons-avec-applicateur/id1/492/2908"><img src="http://www.refonte.auchandirect.fr/static/images/products/line/2908.jpg" alt="" class="produit "/></a><div class="picto"><span class="invisible"></span></div><div class="boutons-produit"><a id="addProductToBasket_145" onclick="javascript:Tapestry.waitForPage(event);" title="Ajouter au panier" class="bt-produit-ajout-panier" href="http://www.refonte.auchandirect.fr/rayon.productgridorlist.productlist_1.thumbnailproduct_0.addproducttobasket/2908?t:ac=492">Ajouter au panier</a><a id="addProductToShoppingList_235" onclick="javascript:Tapestry.waitForPage(event);" title="Ajouter à ma liste" class="bt-produit-ajout-liste" href="http://www.refonte.auchandirect.fr/rayon.productgridorlist.productlist_1.thumbnailproduct_0.addproducttoshoppinglist/2908?t:ac=492">Ajouter à ma liste</a></div><div class="infos-produit-1"><div class="prix-actuel"><span>3.50€</span></div></div><div class="infos-produit-2"><a title="Voir le produit" href="http://www.refonte.auchandirect.fr/hygiène-beauté/corps/tampons-avec-applicateur/id1/492/2908"><h2>TAMPAX</h2><h4>Tampons avec applicateur</h4><h4>Super plus</h4><p>
20 pièces
<br/>
0.18€/pièce
</p></a></div><div class="mini_picto_bas"></div></div></div></td></tr><tr><td><!-- PL : ici --><div class="bloc-produit  bientot-dispo"><div class="bloc-produit-content"><a title="Voir le produit" href="http://www.refonte.auchandirect.fr/hygiène-beauté/corps/tampons-avec-applicateur-flux-super/id1/492/88994"><img src="http://www.refonte.auchandirect.fr/static/images/products/line/88994.jpg" alt="" class="produit "/></a><div class="picto"><span class="invisible"></span></div><div class="boutons-produit"><a class="bt-produit-ajout-panier disable" title="Bientôt disponible" href="javascript:void(0)">Bientôt disponible</a><a id="addProductToShoppingList_236" onclick="javascript:Tapestry.waitForPage(event);" title="Ajouter à ma liste" class="bt-produit-ajout-liste" href="http://www.refonte.auchandirect.fr/rayon.productgridorlist.productlist_1.thumbnailproduct_0.addproducttoshoppinglist/88994?t:ac=492">Ajouter à ma liste</a></div><div class="infos-produit-1"><div class="prix-actuel"><span>4.52€</span></div></div><div class="infos-produit-2"><a title="Voir le produit" href="http://www.refonte.auchandirect.fr/hygiène-beauté/corps/tampons-avec-applicateur-flux-super/id1/492/88994"><h2>TAMPAX</h2><h4>Tampons avec applicateur flux super</h4><h4>Pearl</h4><p>
18 pièces
<br/>
0.25€/pièce
</p></a></div><div class="mini_picto_bas"></div></div></div></td><td><!-- PL : ici --><div class="bloc-produit "><div class="bloc-produit-content"><a title="Voir le produit" href="http://www.refonte.auchandirect.fr/hygiène-beauté/corps/tampons-avec-applicateur-flux-régulier/id1/492/77729"><img src="http://www.refonte.auchandirect.fr/static/images/products/line/77729.jpg" alt="" class="produit "/></a><div class="picto"><span class="invisible"></span></div><div class="boutons-produit"><a id="addProductToBasket_146" onclick="javascript:Tapestry.waitForPage(event);" title="Ajouter au panier" class="bt-produit-ajout-panier" href="http://www.refonte.auchandirect.fr/rayon.productgridorlist.productlist_1.thumbnailproduct_0.addproducttobasket/77729?t:ac=492">Ajouter au panier</a><a id="addProductToShoppingList_237" onclick="javascript:Tapestry.waitForPage(event);" title="Ajouter à ma liste" class="bt-produit-ajout-liste" href="http://www.refonte.auchandirect.fr/rayon.productgridorlist.productlist_1.thumbnailproduct_0.addproducttoshoppinglist/77729?t:ac=492">Ajouter à ma liste</a></div><div class="infos-produit-1"><div class="prix-actuel"><span>4.65€</span></div></div><div class="infos-produit-2"><a title="Voir le produit" href="http://www.refonte.auchandirect.fr/hygiène-beauté/corps/tampons-avec-applicateur-flux-régulier/id1/492/77729"><h2>TAMPAX</h2><h4>Tampons avec applicateur flux régulier</h4><h4>Pearl</h4><p>
20 pièces
<br/>
0.23€/pièce
</p></a></div><div class="mini_picto_bas"></div></div></div></td><td><!-- PL : ici --><div class="bloc-produit "><div class="bloc-produit-content"><a title="Voir le produit" href="http://www.refonte.auchandirect.fr/hygiène-beauté/corps/serviettes-mini-pour-incontinence/id1/492/5501"><img src="http://www.refonte.auchandirect.fr/static/images/products/line/5501.jpg" alt="" class="produit "/></a><div class="picto"><span class="invisible"></span></div><div class="boutons-produit"><a id="addProductToBasket_147" onclick="javascript:Tapestry.waitForPage(event);" title="Ajouter au panier" class="bt-produit-ajout-panier" href="http://www.refonte.auchandirect.fr/rayon.productgridorlist.productlist_1.thumbnailproduct_0.addproducttobasket/5501?t:ac=492">Ajouter au panier</a><a id="addProductToShoppingList_238" onclick="javascript:Tapestry.waitForPage(event);" title="Ajouter à ma liste" class="bt-produit-ajout-liste" href="http://www.refonte.auchandirect.fr/rayon.productgridorlist.productlist_1.thumbnailproduct_0.addproducttoshoppinglist/5501?t:ac=492">Ajouter à ma liste</a></div><div class="infos-produit-1"><div class="prix-actuel"><span>4.61€</span></div></div><div class="infos-produit-2"><a title="Voir le produit" href="http://www.refonte.auchandirect.fr/hygiène-beauté/corps/serviettes-mini-pour-incontinence/id1/492/5501"><h2>TENA</h2><h4>Serviettes mini pour incontinence</h4><h4>Lady</h4><p>
20 pièces
<br/>
0.23€/pièce
</p></a></div><div class="mini_picto_bas"></div></div></div></td></tr><tr><td><!-- PL : ici --><div class="bloc-produit "><div class="bloc-produit-content"><a title="Voir le produit" href="http://www.refonte.auchandirect.fr/hygiène-beauté/corps/serviettes-pour-incontinence-flux-normal/id1/492/100379"><img src="http://www.refonte.auchandirect.fr/static/images/products/line/100379.jpg" alt="" class="produit "/></a><div class="picto"><span class="invisible"></span></div><div class="boutons-produit"><a id="addProductToBasket_148" onclick="javascript:Tapestry.waitForPage(event);" title="Ajouter au panier" class="bt-produit-ajout-panier" href="http://www.refonte.auchandirect.fr/rayon.productgridorlist.productlist_1.thumbnailproduct_0.addproducttobasket/100379?t:ac=492">Ajouter au panier</a><a id="addProductToShoppingList_239" onclick="javascript:Tapestry.waitForPage(event);" title="Ajouter à ma liste" class="bt-produit-ajout-liste" href="http://www.refonte.auchandirect.fr/rayon.productgridorlist.productlist_1.thumbnailproduct_0.addproducttoshoppinglist/100379?t:ac=492">Ajouter à ma liste</a></div><div class="infos-produit-1"><div class="prix-actuel"><span>4.43€</span></div></div><div class="infos-produit-2"><a title="Voir le produit" href="http://www.refonte.auchandirect.fr/hygiène-beauté/corps/serviettes-pour-incontinence-flux-normal/id1/492/100379"><h2>TENA</h2><h4>Serviettes pour incontinence flux Normal</h4><h4>Lady</h4><p>
12 pièces
<br/>
0.37€/pièce
</p></a></div><div class="mini_picto_bas"></div></div></div></td><td><!-- PL : ici --><div class="bloc-produit "><div class="bloc-produit-content"><a title="Voir le produit" href="http://www.refonte.auchandirect.fr/hygiène-beauté/corps/serviettes-pour-incontinence-flux-super/id1/492/100380"><img src="http://www.refonte.auchandirect.fr/static/images/products/line/100380.jpg" alt="" class="produit "/></a><div class="picto"><span class="invisible"></span></div><div class="boutons-produit"><a id="addProductToBasket_149" onclick="javascript:Tapestry.waitForPage(event);" title="Ajouter au panier" class="bt-produit-ajout-panier" href="http://www.refonte.auchandirect.fr/rayon.productgridorlist.productlist_1.thumbnailproduct_0.addproducttobasket/100380?t:ac=492">Ajouter au panier</a><a id="addProductToShoppingList_240" onclick="javascript:Tapestry.waitForPage(event);" title="Ajouter à ma liste" class="bt-produit-ajout-liste" href="http://www.refonte.auchandirect.fr/rayon.productgridorlist.productlist_1.thumbnailproduct_0.addproducttoshoppinglist/100380?t:ac=492">Ajouter à ma liste</a></div><div class="infos-produit-1"><div class="prix-actuel"><span>4.40€</span></div></div><div class="infos-produit-2"><a title="Voir le produit" href="http://www.refonte.auchandirect.fr/hygiène-beauté/corps/serviettes-pour-incontinence-flux-super/id1/492/100380"><h2>TENA</h2><h4>Serviettes pour incontinence flux Super</h4><h4>Lady</h4><p>
10 pièces
<br/>
0.44€/pièce
</p></a></div><div class="mini_picto_bas"></div></div></div></td><td><!-- PL : ici --><div class="bloc-produit "><div class="bloc-produit-content"><a title="Voir le produit" href="http://www.refonte.auchandirect.fr/hygiène-beauté/corps/changes-pour-incontinence/id1/492/40441"><img src="http://www.refonte.auchandirect.fr/static/images/products/line/40441.jpg" alt="" class="produit "/></a><div class="picto"><span class="invisible"></span></div><div class="boutons-produit"><a id="addProductToBasket_150" onclick="javascript:Tapestry.waitForPage(event);" title="Ajouter au panier" class="bt-produit-ajout-panier" href="http://www.refonte.auchandirect.fr/rayon.productgridorlist.productlist_1.thumbnailproduct_0.addproducttobasket/40441?t:ac=492">Ajouter au panier</a><a id="addProductToShoppingList_241" onclick="javascript:Tapestry.waitForPage(event);" title="Ajouter à ma liste" class="bt-produit-ajout-liste" href="http://www.refonte.auchandirect.fr/rayon.productgridorlist.productlist_1.thumbnailproduct_0.addproducttoshoppinglist/40441?t:ac=492">Ajouter à ma liste</a></div><div class="infos-produit-1"><div class="prix-actuel"><span>15.61€</span></div></div><div class="infos-produit-2"><a title="Voir le produit" href="http://www.refonte.auchandirect.fr/hygiène-beauté/corps/changes-pour-incontinence/id1/492/40441"><h2>TENA</h2><h4>Changes pour incontinence</h4><h4>Larges</h4><p>
20 pièces
<br/>
0.78€/pièce
</p></a></div><div class="mini_picto_bas"></div></div></div></td></tr><tr><td><!-- PL : ici --><div class="bloc-produit "><div class="bloc-produit-content"><a title="Voir le produit" href="http://www.refonte.auchandirect.fr/hygiène-beauté/corps/changes-pour-incontinence/id1/492/40442"><img src="http://www.refonte.auchandirect.fr/static/images/products/line/40442.jpg" alt="" class="produit "/></a><div class="picto"><span class="invisible"></span></div><div class="boutons-produit"><a id="addProductToBasket_151" onclick="javascript:Tapestry.waitForPage(event);" title="Ajouter au panier" class="bt-produit-ajout-panier" href="http://www.refonte.auchandirect.fr/rayon.productgridorlist.productlist_1.thumbnailproduct_0.addproducttobasket/40442?t:ac=492">Ajouter au panier</a><a id="addProductToShoppingList_242" onclick="javascript:Tapestry.waitForPage(event);" title="Ajouter à ma liste" class="bt-produit-ajout-liste" href="http://www.refonte.auchandirect.fr/rayon.productgridorlist.productlist_1.thumbnailproduct_0.addproducttoshoppinglist/40442?t:ac=492">Ajouter à ma liste</a></div><div class="infos-produit-1"><div class="prix-actuel"><span>14.26€</span></div></div><div class="infos-produit-2"><a title="Voir le produit" href="http://www.refonte.auchandirect.fr/hygiène-beauté/corps/changes-pour-incontinence/id1/492/40442"><h2>TENA</h2><h4>Changes pour incontinence</h4><h4>Médium</h4><p>
20 pièces
<br/>
0.71€/pièce
</p></a></div><div class="mini_picto_bas"></div></div></div></td><td><!-- PL : ici --><div class="bloc-produit "><div class="bloc-produit-content"><a title="Voir le produit" href="http://www.refonte.auchandirect.fr/hygiène-beauté/corps/serviettes-pour-incontinence-taille-m/id1/492/76291"><img src="http://www.refonte.auchandirect.fr/static/images/products/line/76291.jpg" alt="" class="produit "/></a><div class="picto"><span class="invisible"></span></div><div class="boutons-produit"><a id="addProductToBasket_152" onclick="javascript:Tapestry.waitForPage(event);" title="Ajouter au panier" class="bt-produit-ajout-panier" href="http://www.refonte.auchandirect.fr/rayon.productgridorlist.productlist_1.thumbnailproduct_0.addproducttobasket/76291?t:ac=492">Ajouter au panier</a><a id="addProductToShoppingList_243" onclick="javascript:Tapestry.waitForPage(event);" title="Ajouter à ma liste" class="bt-produit-ajout-liste" href="http://www.refonte.auchandirect.fr/rayon.productgridorlist.productlist_1.thumbnailproduct_0.addproducttoshoppinglist/76291?t:ac=492">Ajouter à ma liste</a></div><div class="infos-produit-1"><div class="prix-actuel"><span>10.84€</span></div></div><div class="infos-produit-2"><a title="Voir le produit" href="http://www.refonte.auchandirect.fr/hygiène-beauté/corps/serviettes-pour-incontinence-taille-m/id1/492/76291"><h2>TENA</h2><h4>Serviettes pour incontinence taille M</h4><h4>Silhouette</h4><p>
8 pièces
<br/>
1.36€/pièce
</p></a></div><div class="mini_picto_bas"></div></div></div></td><td><!-- PL : ici --><div class="bloc-produit "><div class="bloc-produit-content"><a title="Voir le produit" href="http://www.refonte.auchandirect.fr/hygiène-beauté/corps/serviettes-pour-incontinence-taille-l/id1/492/89839"><img src="http://www.refonte.auchandirect.fr/static/images/products/line/89839.jpg" alt="" class="produit "/></a><div class="picto"><span class="invisible"></span></div><div class="boutons-produit"><a id="addProductToBasket_153" onclick="javascript:Tapestry.waitForPage(event);" title="Ajouter au panier" class="bt-produit-ajout-panier" href="http://www.refonte.auchandirect.fr/rayon.productgridorlist.productlist_1.thumbnailproduct_0.addproducttobasket/89839?t:ac=492">Ajouter au panier</a><a id="addProductToShoppingList_244" onclick="javascript:Tapestry.waitForPage(event);" title="Ajouter à ma liste" class="bt-produit-ajout-liste" href="http://www.refonte.auchandirect.fr/rayon.productgridorlist.productlist_1.thumbnailproduct_0.addproducttoshoppinglist/89839?t:ac=492">Ajouter à ma liste</a></div><div class="infos-produit-1"><div class="prix-actuel"><span>15.42€</span></div></div><div class="infos-produit-2"><a title="Voir le produit" href="http://www.refonte.auchandirect.fr/hygiène-beauté/corps/serviettes-pour-incontinence-taille-l/id1/492/89839"><h2>TENA</h2><h4>Serviettes pour incontinence taille L</h4><h4>Silhouette</h4><p>
10 pièces
<br/>
1.54€/pièce
</p></a></div><div class="mini_picto_bas"></div></div></div></td></tr><tr><td><!-- PL : ici --><div class="bloc-produit  bientot-dispo"><div class="bloc-produit-content"><a title="Voir le produit" href="http://www.refonte.auchandirect.fr/hygiène-beauté/corps/gel-douche/id1/492/57516"><img src="http://www.refonte.auchandirect.fr/static/images/products/line/57516.jpg" alt="" class="produit "/></a><div class="picto"><span class="invisible"></span></div><div class="boutons-produit"><a class="bt-produit-ajout-panier disable" title="Bientôt disponible" href="javascript:void(0)">Bientôt disponible</a><a id="addProductToShoppingList_245" onclick="javascript:Tapestry.waitForPage(event);" title="Ajouter à ma liste" class="bt-produit-ajout-liste" href="http://www.refonte.auchandirect.fr/rayon.productgridorlist.productlist_1.thumbnailproduct_0.addproducttoshoppinglist/57516?t:ac=492">Ajouter à ma liste</a></div><div class="infos-produit-1"><div class="prix-actuel"><span>4.04€</span></div></div><div class="infos-produit-2"><a title="Voir le produit" href="http://www.refonte.auchandirect.fr/hygiène-beauté/corps/gel-douche/id1/492/57516"><h2>USHUAIA</h2><h4>Gel douche</h4><h4>Huile d'argan</h4><p>
250 ml
<br/>
16.16€/l
</p></a></div><div class="mini_picto_bas"><img src="http://www.refonte.auchandirect.fr/static/images/AB_small.jpg"/></div></div></div></td><td><!-- PL : ici --><div class="bloc-produit "><div class="bloc-produit-content"><a title="Voir le produit" href="http://www.refonte.auchandirect.fr/hygiène-beauté/corps/gel-douche/id1/492/57523"><img src="http://www.refonte.auchandirect.fr/static/images/products/line/57523.jpg" alt="" class="produit "/></a><div class="picto"><span class="invisible"></span></div><div class="boutons-produit"><a id="addProductToBasket_154" onclick="javascript:Tapestry.waitForPage(event);" title="Ajouter au panier" class="bt-produit-ajout-panier" href="http://www.refonte.auchandirect.fr/rayon.productgridorlist.productlist_1.thumbnailproduct_0.addproducttobasket/57523?t:ac=492">Ajouter au panier</a><a id="addProductToShoppingList_246" onclick="javascript:Tapestry.waitForPage(event);" title="Ajouter à ma liste" class="bt-produit-ajout-liste" href="http://www.refonte.auchandirect.fr/rayon.productgridorlist.productlist_1.thumbnailproduct_0.addproducttoshoppinglist/57523?t:ac=492">Ajouter à ma liste</a></div><div class="infos-produit-1"><div class="prix-actuel"><span>4.16€</span></div></div><div class="infos-produit-2"><a title="Voir le produit" href="http://www.refonte.auchandirect.fr/hygiène-beauté/corps/gel-douche/id1/492/57523"><h2>USHUAIA</h2><h4>Gel douche</h4><h4>Vanille</h4><p>
250 ml
<br/>
16.64€/l
</p></a></div><div class="mini_picto_bas"><img src="http://www.refonte.auchandirect.fr/static/images/AB_small.jpg"/></div></div></div></td><td><!-- PL : ici --><div class="bloc-produit "><div class="bloc-produit-content"><a title="Voir le produit" href="http://www.refonte.auchandirect.fr/hygiène-beauté/corps/gel-douche-crème-nourissante/id1/492/40398"><img src="http://www.refonte.auchandirect.fr/static/images/products/line/40398.jpg" alt="" class="produit "/></a><div class="picto"><span class="invisible"></span></div><div class="boutons-produit"><a id="addProductToBasket_155" onclick="javascript:Tapestry.waitForPage(event);" title="Ajouter au panier" class="bt-produit-ajout-panier" href="http://www.refonte.auchandirect.fr/rayon.productgridorlist.productlist_1.thumbnailproduct_0.addproducttobasket/40398?t:ac=492">Ajouter au panier</a><a id="addProductToShoppingList_247" onclick="javascript:Tapestry.waitForPage(event);" title="Ajouter à ma liste" class="bt-produit-ajout-liste" href="http://www.refonte.auchandirect.fr/rayon.productgridorlist.productlist_1.thumbnailproduct_0.addproducttoshoppinglist/40398?t:ac=492">Ajouter à ma liste</a></div><div class="infos-produit-1"><div class="prix-actuel"><span>2.58€</span></div></div><div class="infos-produit-2"><a title="Voir le produit" href="http://www.refonte.auchandirect.fr/hygiène-beauté/corps/gel-douche-crème-nourissante/id1/492/40398"><h2>USHUAIA</h2><h4>Gel douche crème nourissante</h4><h4>Coco</h4><p>
250 ml
<br/>
10.32€/l
</p></a></div><div class="mini_picto_bas"></div></div></div></td></tr><tr><td><!-- PL : ici --><div class="bloc-produit  bientot-dispo"><div class="bloc-produit-content"><a title="Voir le produit" href="http://www.refonte.auchandirect.fr/hygiène-beauté/hommes/gel-douche-relaxant/id1/433468/41356"><img src="http://www.refonte.auchandirect.fr/static/images/products/line/41356.jpg" alt="" class="produit "/></a><div class="picto"><span class="invisible"></span></div><div class="boutons-produit"><a class="bt-produit-ajout-panier disable" title="Bientôt disponible" href="javascript:void(0)">Bientôt disponible</a><a id="addProductToShoppingList_248" onclick="javascript:Tapestry.waitForPage(event);" title="Ajouter à ma liste" class="bt-produit-ajout-liste" href="http://www.refonte.auchandirect.fr/rayon.productgridorlist.productlist_1.thumbnailproduct_0.addproducttoshoppinglist/41356?t:ac=492">Ajouter à ma liste</a></div><div class="infos-produit-1"><div class="prix-actuel"><span>2.55€</span></div></div><div class="infos-produit-2"><a title="Voir le produit" href="http://www.refonte.auchandirect.fr/hygiène-beauté/hommes/gel-douche-relaxant/id1/433468/41356"><h2>USHUAIA</h2><h4>Gel douche relaxant</h4><h4></h4><p>
250 ml
<br/>
10.20€/l
</p></a></div><div class="mini_picto_bas"></div></div></div></td><td><!-- PL : ici --><div class="bloc-produit "><div class="bloc-produit-content"><a title="Voir le produit" href="http://www.refonte.auchandirect.fr/hygiène-beauté/corps/gel-douche-hydratant/id1/492/27902"><img src="http://www.refonte.auchandirect.fr/static/images/products/line/27902.jpg" alt="" class="produit "/></a><div class="picto"><span class="invisible"></span></div><div class="boutons-produit"><a id="addProductToBasket_156" onclick="javascript:Tapestry.waitForPage(event);" title="Ajouter au panier" class="bt-produit-ajout-panier" href="http://www.refonte.auchandirect.fr/rayon.productgridorlist.productlist_1.thumbnailproduct_0.addproducttobasket/27902?t:ac=492">Ajouter au panier</a><a id="addProductToShoppingList_249" onclick="javascript:Tapestry.waitForPage(event);" title="Ajouter à ma liste" class="bt-produit-ajout-liste" href="http://www.refonte.auchandirect.fr/rayon.productgridorlist.productlist_1.thumbnailproduct_0.addproducttoshoppinglist/27902?t:ac=492">Ajouter à ma liste</a></div><div class="infos-produit-1"><div class="prix-actuel"><span>2.47€</span></div></div><div class="infos-produit-2"><a title="Voir le produit" href="http://www.refonte.auchandirect.fr/hygiène-beauté/corps/gel-douche-hydratant/id1/492/27902"><h2>USHUAIA</h2><h4>Gel douche hydratant</h4><h4>Grenade</h4><p>
250 ml
<br/>
9.88€/l
</p></a></div><div class="mini_picto_bas"></div></div></div></td><td><!-- PL : ici --><div class="bloc-produit  bientot-dispo"><div class="bloc-produit-content"><a title="Voir le produit" href="http://www.refonte.auchandirect.fr/hygiène-beauté/corps/gel-douche/id1/492/55399"><img src="http://www.refonte.auchandirect.fr/static/images/products/line/55399.jpg" alt="" class="produit "/></a><div class="picto"><span class="invisible"></span></div><div class="boutons-produit"><a class="bt-produit-ajout-panier disable" title="Bientôt disponible" href="javascript:void(0)">Bientôt disponible</a><a id="addProductToShoppingList_250" onclick="javascript:Tapestry.waitForPage(event);" title="Ajouter à ma liste" class="bt-produit-ajout-liste" href="http://www.refonte.auchandirect.fr/rayon.productgridorlist.productlist_1.thumbnailproduct_0.addproducttoshoppinglist/55399?t:ac=492">Ajouter à ma liste</a></div><div class="infos-produit-1"><div class="prix-actuel"><span>2.55€</span></div></div><div class="infos-produit-2"><a title="Voir le produit" href="http://www.refonte.auchandirect.fr/hygiène-beauté/corps/gel-douche/id1/492/55399"><h2>USHUAIA</h2><h4>Gel Douche</h4><h4>Passion</h4><p>
250 ml
<br/>
10.20€/l
</p></a></div><div class="mini_picto_bas"></div></div></div></td></tr><tr><td><!-- PL : ici --><div class="bloc-produit  bientot-dispo"><div class="bloc-produit-content"><a title="Voir le produit" href="http://www.refonte.auchandirect.fr/hygiène-beauté/corps/gel-douche-hydratant/id1/492/40399"><img src="http://www.refonte.auchandirect.fr/static/images/products/line/40399.jpg" alt="" class="produit "/></a><div class="picto"><span class="invisible"></span></div><div class="boutons-produit"><a class="bt-produit-ajout-panier disable" title="Bientôt disponible" href="javascript:void(0)">Bientôt disponible</a><a id="addProductToShoppingList_251" onclick="javascript:Tapestry.waitForPage(event);" title="Ajouter à ma liste" class="bt-produit-ajout-liste" href="http://www.refonte.auchandirect.fr/rayon.productgridorlist.productlist_1.thumbnailproduct_0.addproducttoshoppinglist/40399?t:ac=492">Ajouter à ma liste</a></div><div class="infos-produit-1"><div class="prix-actuel"><span>2.55€</span></div></div><div class="infos-produit-2"><a title="Voir le produit" href="http://www.refonte.auchandirect.fr/hygiène-beauté/corps/gel-douche-hydratant/id1/492/40399"><h2>USHUAIA</h2><h4>Gel douche hydratant</h4><h4>Orchidée</h4><p>
250 ml
<br/>
10.20€/l
</p></a></div><div class="mini_picto_bas"></div></div></div></td><td><!-- PL : ici --><div class="bloc-produit "><div class="bloc-produit-content"><a title="Voir le produit" href="http://www.refonte.auchandirect.fr/hygiène-beauté/corps/déodorant-en-bille-bio/id1/492/58863"><img src="http://www.refonte.auchandirect.fr/static/images/products/line/58863.jpg" alt="" class="produit "/></a><div class="picto"><span class="invisible"></span></div><div class="boutons-produit"><a id="addProductToBasket_157" onclick="javascript:Tapestry.waitForPage(event);" title="Ajouter au panier" class="bt-produit-ajout-panier" href="http://www.refonte.auchandirect.fr/rayon.productgridorlist.productlist_1.thumbnailproduct_0.addproducttobasket/58863?t:ac=492">Ajouter au panier</a><a id="addProductToShoppingList_252" onclick="javascript:Tapestry.waitForPage(event);" title="Ajouter à ma liste" class="bt-produit-ajout-liste" href="http://www.refonte.auchandirect.fr/rayon.productgridorlist.productlist_1.thumbnailproduct_0.addproducttoshoppinglist/58863?t:ac=492">Ajouter à ma liste</a></div><div class="infos-produit-1"><div class="prix-actuel"><span>4.33€</span></div></div><div class="infos-produit-2"><a title="Voir le produit" href="http://www.refonte.auchandirect.fr/hygiène-beauté/corps/déodorant-en-bille-bio/id1/492/58863"><h2>USHUAIA</h2><h4>Déodorant en bille bio</h4><h4>Vanille</h4><p>
50 ml
<br/>
86.60€/l
</p></a></div><div class="mini_picto_bas"><img src="http://www.refonte.auchandirect.fr/static/images/AB_small.jpg"/></div></div></div></td><td><!-- PL : ici --><div class="bloc-produit "><div class="bloc-produit-content"><a title="Voir le produit" href="http://www.refonte.auchandirect.fr/hygiène-beauté/corps/déodorant-bille-bio/id1/492/60393"><img src="http://www.refonte.auchandirect.fr/static/images/products/line/60393.jpg" alt="" class="produit "/></a><div class="picto"><span class="invisible"></span></div><div class="boutons-produit"><a id="addProductToBasket_158" onclick="javascript:Tapestry.waitForPage(event);" title="Ajouter au panier" class="bt-produit-ajout-panier" href="http://www.refonte.auchandirect.fr/rayon.productgridorlist.productlist_1.thumbnailproduct_0.addproducttobasket/60393?t:ac=492">Ajouter au panier</a><a id="addProductToShoppingList_253" onclick="javascript:Tapestry.waitForPage(event);" title="Ajouter à ma liste" class="bt-produit-ajout-liste" href="http://www.refonte.auchandirect.fr/rayon.productgridorlist.productlist_1.thumbnailproduct_0.addproducttoshoppinglist/60393?t:ac=492">Ajouter à ma liste</a></div><div class="infos-produit-1"><div class="prix-actuel"><span>4.77€</span></div></div><div class="infos-produit-2"><a title="Voir le produit" href="http://www.refonte.auchandirect.fr/hygiène-beauté/corps/déodorant-bille-bio/id1/492/60393"><h2>USHUAIA</h2><h4>Déodorant bille bio</h4><h4>Hibiscus</h4><p>
50 ml
<br/>
95.40€/l
</p></a></div><div class="mini_picto_bas"><img src="http://www.refonte.auchandirect.fr/static/images/AB_small.jpg"/></div></div></div></td></tr><tr><td><!-- PL : ici --><div class="bloc-produit "><div class="bloc-produit-content"><a title="Voir le produit" href="http://www.refonte.auchandirect.fr/hygiène-beauté/corps/déodorant-spray/id1/492/44077"><img src="http://www.refonte.auchandirect.fr/static/images/products/line/44077.jpg" alt="" class="produit "/></a><div class="picto"><span class="invisible"></span></div><div class="boutons-produit"><a id="addProductToBasket_159" onclick="javascript:Tapestry.waitForPage(event);" title="Ajouter au panier" class="bt-produit-ajout-panier" href="http://www.refonte.auchandirect.fr/rayon.productgridorlist.productlist_1.thumbnailproduct_0.addproducttobasket/44077?t:ac=492">Ajouter au panier</a><a id="addProductToShoppingList_254" onclick="javascript:Tapestry.waitForPage(event);" title="Ajouter à ma liste" class="bt-produit-ajout-liste" href="http://www.refonte.auchandirect.fr/rayon.productgridorlist.productlist_1.thumbnailproduct_0.addproducttoshoppinglist/44077?t:ac=492">Ajouter à ma liste</a></div><div class="infos-produit-1"><div class="prix-actuel"><span>4.42€</span></div></div><div class="infos-produit-2"><a title="Voir le produit" href="http://www.refonte.auchandirect.fr/hygiène-beauté/corps/déodorant-spray/id1/492/44077"><h2>USHUAIA</h2><h4>Déodorant spray</h4><h4>Fleur d'hibiscus</h4><p>
200 ml
<br/>
22.10€/l
</p></a></div><div class="mini_picto_bas"></div></div></div></td><td><!-- PL : ici --><div class="bloc-produit  bientot-dispo"><div class="bloc-produit-content"><a title="Voir le produit" href="http://www.refonte.auchandirect.fr/hygiène-beauté/corps/déodorant-spray/id1/492/40902"><img src="http://www.refonte.auchandirect.fr/static/images/products/line/40902.jpg" alt="" class="produit "/></a><div class="picto"><span class="invisible"></span></div><div class="boutons-produit"><a class="bt-produit-ajout-panier disable" title="Bientôt disponible" href="javascript:void(0)">Bientôt disponible</a><a id="addProductToShoppingList_255" onclick="javascript:Tapestry.waitForPage(event);" title="Ajouter à ma liste" class="bt-produit-ajout-liste" href="http://www.refonte.auchandirect.fr/rayon.productgridorlist.productlist_1.thumbnailproduct_0.addproducttoshoppinglist/40902?t:ac=492">Ajouter à ma liste</a></div><div class="infos-produit-1"><div class="prix-actuel"><span>3.57€</span></div></div><div class="infos-produit-2"><a title="Voir le produit" href="http://www.refonte.auchandirect.fr/hygiène-beauté/corps/déodorant-spray/id1/492/40902"><h2>USHUAIA</h2><h4>Déodorant spray</h4><h4>Grenade</h4><p>
200 ml
<br/>
17.85€/l
</p></a></div><div class="mini_picto_bas"></div></div></div></td><td><!-- PL : ici --><div class="bloc-produit "><div class="bloc-produit-content"><a title="Voir le produit" href="http://www.refonte.auchandirect.fr/hygiène-beauté/corps/déodorant-alizé-vanillé-des-îles-bourbon/id1/492/7683"><img src="http://www.refonte.auchandirect.fr/static/images/products/line/7683.jpg" alt="" class="produit "/></a><div class="picto"><span class="invisible"></span></div><div class="boutons-produit"><a id="addProductToBasket_160" onclick="javascript:Tapestry.waitForPage(event);" title="Ajouter au panier" class="bt-produit-ajout-panier" href="http://www.refonte.auchandirect.fr/rayon.productgridorlist.productlist_1.thumbnailproduct_0.addproducttobasket/7683?t:ac=492">Ajouter au panier</a><a id="addProductToShoppingList_256" onclick="javascript:Tapestry.waitForPage(event);" title="Ajouter à ma liste" class="bt-produit-ajout-liste" href="http://www.refonte.auchandirect.fr/rayon.productgridorlist.productlist_1.thumbnailproduct_0.addproducttoshoppinglist/7683?t:ac=492">Ajouter à ma liste</a></div><div class="infos-produit-1"><div class="prix-actuel"><span>4.21€</span></div></div><div class="infos-produit-2"><a title="Voir le produit" href="http://www.refonte.auchandirect.fr/hygiène-beauté/corps/déodorant-alizé-vanillé-des-îles-bourbon/id1/492/7683"><h2>USHUAIA</h2><h4>Déodorant alizé vanillé des îles bourbon</h4><h4>Eveille</h4><p>
50 ml
<br/>
84.20€/l
</p></a></div><div class="mini_picto_bas"></div></div></div></td></tr><tr><td><!-- PL : ici --><div class="bloc-produit "><div class="bloc-produit-content"><a title="Voir le produit" href="http://www.refonte.auchandirect.fr/hygiène-beauté/corps/déodorant-bille/id1/492/34045"><img src="http://www.refonte.auchandirect.fr/static/images/products/line/34045.jpg" alt="" class="produit "/></a><div class="picto"><span class="invisible"></span></div><div class="boutons-produit"><a id="addProductToBasket_161" onclick="javascript:Tapestry.waitForPage(event);" title="Ajouter au panier" class="bt-produit-ajout-panier" href="http://www.refonte.auchandirect.fr/rayon.productgridorlist.productlist_1.thumbnailproduct_0.addproducttobasket/34045?t:ac=492">Ajouter au panier</a><a id="addProductToShoppingList_257" onclick="javascript:Tapestry.waitForPage(event);" title="Ajouter à ma liste" class="bt-produit-ajout-liste" href="http://www.refonte.auchandirect.fr/rayon.productgridorlist.productlist_1.thumbnailproduct_0.addproducttoshoppinglist/34045?t:ac=492">Ajouter à ma liste</a></div><div class="infos-produit-1"><div class="prix-actuel"><span>4.43€</span></div></div><div class="infos-produit-2"><a title="Voir le produit" href="http://www.refonte.auchandirect.fr/hygiène-beauté/corps/déodorant-bille/id1/492/34045"><h2>USHUAIA</h2><h4>Déodorant bille</h4><h4>Grenade</h4><p>
50 ml
<br/>
88.60€/l
</p></a></div><div class="mini_picto_bas"></div></div></div></td><td><!-- PL : ici --><div class="bloc-produit  bientot-dispo"><div class="bloc-produit-content"><a title="Voir le produit" href="http://www.refonte.auchandirect.fr/hygiène-beauté/corps/gel-de-toilette-intime-doux/id1/492/14248"><img src="http://www.refonte.auchandirect.fr/static/images/products/line/14248.jpg" alt="" class="produit "/></a><div class="picto"><span class="invisible"></span></div><div class="boutons-produit"><a class="bt-produit-ajout-panier disable" title="Bientôt disponible" href="javascript:void(0)">Bientôt disponible</a><a id="addProductToShoppingList_258" onclick="javascript:Tapestry.waitForPage(event);" title="Ajouter à ma liste" class="bt-produit-ajout-liste" href="http://www.refonte.auchandirect.fr/rayon.productgridorlist.productlist_1.thumbnailproduct_0.addproducttoshoppinglist/14248?t:ac=492">Ajouter à ma liste</a></div><div class="infos-produit-1"><div class="prix-actuel"><span>3.54€</span></div></div><div class="infos-produit-2"><a title="Voir le produit" href="http://www.refonte.auchandirect.fr/hygiène-beauté/corps/gel-de-toilette-intime-doux/id1/492/14248"><h2>VANIA</h2><h4>Gel de toilette intime doux</h4><h4>Kotydia</h4><p>
200 ml
<br/>
17.70€/l
</p></a></div><div class="mini_picto_bas"></div></div></div></td><td><!-- PL : ici --><div class="bloc-produit "><div class="bloc-produit-content"><a title="Voir le produit" href="http://www.refonte.auchandirect.fr/hygiène-beauté/corps/protèges-slip-pliés/id1/492/100781"><img src="http://www.refonte.auchandirect.fr/static/images/products/line/100781.jpg" alt="" class="produit "/></a><div class="picto"><span class="invisible"></span></div><div class="boutons-produit"><a id="addProductToBasket_162" onclick="javascript:Tapestry.waitForPage(event);" title="Ajouter au panier" class="bt-produit-ajout-panier" href="http://www.refonte.auchandirect.fr/rayon.productgridorlist.productlist_1.thumbnailproduct_0.addproducttobasket/100781?t:ac=492">Ajouter au panier</a><a id="addProductToShoppingList_259" onclick="javascript:Tapestry.waitForPage(event);" title="Ajouter à ma liste" class="bt-produit-ajout-liste" href="http://www.refonte.auchandirect.fr/rayon.productgridorlist.productlist_1.thumbnailproduct_0.addproducttoshoppinglist/100781?t:ac=492">Ajouter à ma liste</a></div><div class="infos-produit-1"><div class="prix-actuel"><span>2.07€</span></div></div><div class="infos-produit-2"><a title="Voir le produit" href="http://www.refonte.auchandirect.fr/hygiène-beauté/corps/protèges-slip-pliés/id1/492/100781"><h2>VANIA</h2><h4>Protèges-slip pliés</h4><h4>Pocket</h4><p>
30 pièces
<br/>
0.07€/pièce
</p></a></div><div class="mini_picto_bas"></div></div></div></td></tr><tr><td><!-- PL : ici --><div class="bloc-produit "><div class="bloc-produit-content"><a title="Voir le produit" href="http://www.refonte.auchandirect.fr/hygiène-beauté/corps/protèges-slip-à-plat-sensation-linge-propre/id1/492/7347"><img src="http://www.refonte.auchandirect.fr/static/images/products/line/7347.jpg" alt="" class="produit "/></a><div class="picto"><span class="invisible"></span></div><div class="boutons-produit"><a id="addProductToBasket_163" onclick="javascript:Tapestry.waitForPage(event);" title="Ajouter au panier" class="bt-produit-ajout-panier" href="http://www.refonte.auchandirect.fr/rayon.productgridorlist.productlist_1.thumbnailproduct_0.addproducttobasket/7347?t:ac=492">Ajouter au panier</a><a id="addProductToShoppingList_260" onclick="javascript:Tapestry.waitForPage(event);" title="Ajouter à ma liste" class="bt-produit-ajout-liste" href="http://www.refonte.auchandirect.fr/rayon.productgridorlist.productlist_1.thumbnailproduct_0.addproducttoshoppinglist/7347?t:ac=492">Ajouter à ma liste</a></div><div class="infos-produit-1"><div class="prix-actuel"><span>3.30€</span></div></div><div class="infos-produit-2"><a title="Voir le produit" href="http://www.refonte.auchandirect.fr/hygiène-beauté/corps/protèges-slip-à-plat-sensation-linge-propre/id1/492/7347"><h2>VANIA</h2><h4>Protèges-slip à plat sensation linge propre</h4><h4>Kotydia fresh</h4><p>
30 pièces
<br/>
0.11€/pièce
</p></a></div><div class="mini_picto_bas"></div></div></div></td><td><!-- PL : ici --><div class="bloc-produit "><div class="bloc-produit-content"><a title="Voir le produit" href="http://www.refonte.auchandirect.fr/hygiène-beauté/corps/serviettes-hygiéniques-spécial-nuit/id1/492/101022"><img src="http://www.refonte.auchandirect.fr/static/images/products/line/101022.jpg" alt="" class="produit "/></a><div class="picto"><span class="invisible"></span></div><div class="boutons-produit"><a id="addProductToBasket_164" onclick="javascript:Tapestry.waitForPage(event);" title="Ajouter au panier" class="bt-produit-ajout-panier" href="http://www.refonte.auchandirect.fr/rayon.productgridorlist.productlist_1.thumbnailproduct_0.addproducttobasket/101022?t:ac=492">Ajouter au panier</a><a id="addProductToShoppingList_261" onclick="javascript:Tapestry.waitForPage(event);" title="Ajouter à ma liste" class="bt-produit-ajout-liste" href="http://www.refonte.auchandirect.fr/rayon.productgridorlist.productlist_1.thumbnailproduct_0.addproducttoshoppinglist/101022?t:ac=492">Ajouter à ma liste</a></div><div class="infos-produit-1"><div class="prix-actuel"><span>2.86€</span></div></div><div class="infos-produit-2"><a title="Voir le produit" href="http://www.refonte.auchandirect.fr/hygiène-beauté/corps/serviettes-hygiéniques-spécial-nuit/id1/492/101022"><h2>VANIA</h2><h4>Serviettes hygiéniques spécial nuit</h4><h4>Maxi</h4><p>
12 pièces
<br/>
0.24€/pièce
</p></a></div><div class="mini_picto_bas"></div></div></div></td><td><!-- PL : ici --><div class="bloc-produit "><div class="bloc-produit-content"><a title="Voir le produit" href="http://www.refonte.auchandirect.fr/hygiène-beauté/corps/serviettes-avec-protèges-côtés-flux-normal-plus/id1/492/100811"><img src="http://www.refonte.auchandirect.fr/static/images/products/line/100811.jpg" alt="" class="produit "/></a><div class="picto"><span class="invisible"></span></div><div class="boutons-produit"><a id="addProductToBasket_165" onclick="javascript:Tapestry.waitForPage(event);" title="Ajouter au panier" class="bt-produit-ajout-panier" href="http://www.refonte.auchandirect.fr/rayon.productgridorlist.productlist_1.thumbnailproduct_0.addproducttobasket/100811?t:ac=492">Ajouter au panier</a><a id="addProductToShoppingList_262" onclick="javascript:Tapestry.waitForPage(event);" title="Ajouter à ma liste" class="bt-produit-ajout-liste" href="http://www.refonte.auchandirect.fr/rayon.productgridorlist.productlist_1.thumbnailproduct_0.addproducttoshoppinglist/100811?t:ac=492">Ajouter à ma liste</a></div><div class="infos-produit-1"><div class="prix-actuel"><span>2.27€</span></div></div><div class="infos-produit-2"><a title="Voir le produit" href="http://www.refonte.auchandirect.fr/hygiène-beauté/corps/serviettes-avec-protèges-côtés-flux-normal-plus/id1/492/100811"><h2>VANIA</h2><h4>Serviettes avec protèges côtés flux Normal plus</h4><h4>Extrafine</h4><p>
14 pièces
<br/>
0.16€/pièce
</p></a></div><div class="mini_picto_bas"></div></div></div></td></tr><tr><td><!-- PL : ici --><div class="bloc-produit "><div class="bloc-produit-content"><a title="Voir le produit" href="http://www.refonte.auchandirect.fr/hygiène-beauté/corps/serviettes-avec-protèges-côtés-super-flux/id1/492/100808"><img src="http://www.refonte.auchandirect.fr/static/images/products/line/100808.jpg" alt="" class="produit "/></a><div class="picto"><span class="invisible"></span></div><div class="boutons-produit"><a id="addProductToBasket_166" onclick="javascript:Tapestry.waitForPage(event);" title="Ajouter au panier" class="bt-produit-ajout-panier" href="http://www.refonte.auchandirect.fr/rayon.productgridorlist.productlist_1.thumbnailproduct_0.addproducttobasket/100808?t:ac=492">Ajouter au panier</a><a id="addProductToShoppingList_263" onclick="javascript:Tapestry.waitForPage(event);" title="Ajouter à ma liste" class="bt-produit-ajout-liste" href="http://www.refonte.auchandirect.fr/rayon.productgridorlist.productlist_1.thumbnailproduct_0.addproducttoshoppinglist/100808?t:ac=492">Ajouter à ma liste</a></div><div class="infos-produit-1"><div class="prix-actuel"><span>2.62€</span></div></div><div class="infos-produit-2"><a title="Voir le produit" href="http://www.refonte.auchandirect.fr/hygiène-beauté/corps/serviettes-avec-protèges-côtés-super-flux/id1/492/100808"><h2>VANIA</h2><h4>Serviettes avec protèges côtés super flux</h4><h4>Extrafine</h4><p>
12 pièces
<br/>
0.22€/pièce
</p></a></div><div class="mini_picto_bas"></div></div></div></td><td><!-- PL : ici --><div class="bloc-produit "><div class="bloc-produit-content"><a title="Voir le produit" href="http://www.refonte.auchandirect.fr/hygiène-beauté/corps/serviettes-hygiéniques-super-flux/id1/492/1699"><img src="http://www.refonte.auchandirect.fr/static/images/products/line/1699.jpg" alt="" class="produit "/></a><div class="picto"><span class="invisible"></span></div><div class="boutons-produit"><a id="addProductToBasket_167" onclick="javascript:Tapestry.waitForPage(event);" title="Ajouter au panier" class="bt-produit-ajout-panier" href="http://www.refonte.auchandirect.fr/rayon.productgridorlist.productlist_1.thumbnailproduct_0.addproducttobasket/1699?t:ac=492">Ajouter au panier</a><a id="addProductToShoppingList_264" onclick="javascript:Tapestry.waitForPage(event);" title="Ajouter à ma liste" class="bt-produit-ajout-liste" href="http://www.refonte.auchandirect.fr/rayon.productgridorlist.productlist_1.thumbnailproduct_0.addproducttoshoppinglist/1699?t:ac=492">Ajouter à ma liste</a></div><div class="infos-produit-1"><div class="prix-actuel"><span>3.31€</span></div></div><div class="infos-produit-2"><a title="Voir le produit" href="http://www.refonte.auchandirect.fr/hygiène-beauté/corps/serviettes-hygiéniques-super-flux/id1/492/1699"><h2>VANIA</h2><h4>Serviettes hygiéniques super flux</h4><h4>Maxi</h4><p>
16 pièces
<br/>
0.21€/pièce
</p></a></div><div class="mini_picto_bas"></div></div></div></td><td><!-- PL : ici --><div class="bloc-produit "><div class="bloc-produit-content"><a title="Voir le produit" href="http://www.refonte.auchandirect.fr/hygiène-beauté/corps/serviettes-hygiéniques-flux-normal/id1/492/101023"><img src="http://www.refonte.auchandirect.fr/static/images/products/line/101023.jpg" alt="" class="produit "/></a><div class="picto"><span class="invisible"></span></div><div class="boutons-produit"><a id="addProductToBasket_168" onclick="javascript:Tapestry.waitForPage(event);" title="Ajouter au panier" class="bt-produit-ajout-panier" href="http://www.refonte.auchandirect.fr/rayon.productgridorlist.productlist_1.thumbnailproduct_0.addproducttobasket/101023?t:ac=492">Ajouter au panier</a><a id="addProductToShoppingList_265" onclick="javascript:Tapestry.waitForPage(event);" title="Ajouter à ma liste" class="bt-produit-ajout-liste" href="http://www.refonte.auchandirect.fr/rayon.productgridorlist.productlist_1.thumbnailproduct_0.addproducttoshoppinglist/101023?t:ac=492">Ajouter à ma liste</a></div><div class="infos-produit-1"><div class="prix-actuel"><span>3.21€</span></div></div><div class="infos-produit-2"><a title="Voir le produit" href="http://www.refonte.auchandirect.fr/hygiène-beauté/corps/serviettes-hygiéniques-flux-normal/id1/492/101023"><h2>VANIA</h2><h4>Serviettes hygiéniques flux Normal</h4><h4>Maxi</h4><p>
18 pièces
<br/>
0.18€/pièce
</p></a></div><div class="mini_picto_bas"></div></div></div></td></tr><tr><td><!-- PL : ici --><div class="bloc-produit "><div class="bloc-produit-content"><a title="Voir le produit" href="http://www.refonte.auchandirect.fr/hygiène-beauté/corps/bandes-de-cire-froide-peaux-sèches/id1/492/46606"><img src="http://www.refonte.auchandirect.fr/static/images/products/line/46606.jpg" alt="" class="produit "/></a><div class="picto"><span class="invisible"></span></div><div class="boutons-produit"><a id="addProductToBasket_169" onclick="javascript:Tapestry.waitForPage(event);" title="Ajouter au panier" class="bt-produit-ajout-panier" href="http://www.refonte.auchandirect.fr/rayon.productgridorlist.productlist_1.thumbnailproduct_0.addproducttobasket/46606?t:ac=492">Ajouter au panier</a><a id="addProductToShoppingList_266" onclick="javascript:Tapestry.waitForPage(event);" title="Ajouter à ma liste" class="bt-produit-ajout-liste" href="http://www.refonte.auchandirect.fr/rayon.productgridorlist.productlist_1.thumbnailproduct_0.addproducttoshoppinglist/46606?t:ac=492">Ajouter à ma liste</a></div><div class="infos-produit-1"><div class="prix-actuel"><span>8.85€</span></div></div><div class="infos-produit-2"><a title="Voir le produit" href="http://www.refonte.auchandirect.fr/hygiène-beauté/corps/bandes-de-cire-froide-peaux-sèches/id1/492/46606"><h2>VEET</h2><h4>Bandes de cire froide peaux sèches</h4><h4></h4><p>
40 pièces
<br/>
0.22€/pièce
</p></a></div><div class="mini_picto_bas"></div></div></div></td><td><!-- PL : ici --><div class="bloc-produit "><div class="bloc-produit-content"><a title="Voir le produit" href="http://www.refonte.auchandirect.fr/hygiène-beauté/corps/roll-on-electric-easy-wax/id1/492/89836"><img src="http://www.refonte.auchandirect.fr/static/images/products/line/89836.jpg" alt="" class="produit "/></a><div class="picto"><span class="invisible"></span></div><div class="boutons-produit"><a id="addProductToBasket_170" onclick="javascript:Tapestry.waitForPage(event);" title="Ajouter au panier" class="bt-produit-ajout-panier" href="http://www.refonte.auchandirect.fr/rayon.productgridorlist.productlist_1.thumbnailproduct_0.addproducttobasket/89836?t:ac=492">Ajouter au panier</a><a id="addProductToShoppingList_267" onclick="javascript:Tapestry.waitForPage(event);" title="Ajouter à ma liste" class="bt-produit-ajout-liste" href="http://www.refonte.auchandirect.fr/rayon.productgridorlist.productlist_1.thumbnailproduct_0.addproducttoshoppinglist/89836?t:ac=492">Ajouter à ma liste</a></div><div class="infos-produit-1"><div class="prix-actuel"><span>16.32€</span></div></div><div class="infos-produit-2"><a title="Voir le produit" href="http://www.refonte.auchandirect.fr/hygiène-beauté/corps/roll-on-electric-easy-wax/id1/492/89836"><h2>VEET</h2><h4>Roll on electric easy wax</h4><h4></h4><p>
1 pièce
<br/>
16.32€/pièce
</p></a></div><div class="mini_picto_bas"></div></div></div></td><td><!-- PL : ici --><div class="bloc-produit "><div class="bloc-produit-content"><a title="Voir le produit" href="http://www.refonte.auchandirect.fr/hygiène-beauté/corps/crème-dépilatoire-aux-extraits-de-soie-adoucissants/id1/492/11252"><img src="http://www.refonte.auchandirect.fr/static/images/products/line/11252.jpg" alt="" class="produit "/></a><div class="picto"><span class="invisible"></span></div><div class="boutons-produit"><a id="addProductToBasket_171" onclick="javascript:Tapestry.waitForPage(event);" title="Ajouter au panier" class="bt-produit-ajout-panier" href="http://www.refonte.auchandirect.fr/rayon.productgridorlist.productlist_1.thumbnailproduct_0.addproducttobasket/11252?t:ac=492">Ajouter au panier</a><a id="addProductToShoppingList_268" onclick="javascript:Tapestry.waitForPage(event);" title="Ajouter à ma liste" class="bt-produit-ajout-liste" href="http://www.refonte.auchandirect.fr/rayon.productgridorlist.productlist_1.thumbnailproduct_0.addproducttoshoppinglist/11252?t:ac=492">Ajouter à ma liste</a></div><div class="infos-produit-1"><div class="prix-actuel"><span>6.69€</span></div></div><div class="infos-produit-2"><a title="Voir le produit" href="http://www.refonte.auchandirect.fr/hygiène-beauté/corps/crème-dépilatoire-aux-extraits-de-soie-adoucissants/id1/492/11252"><h2>VEET</h2><h4>Crème dépilatoire aux extraits de soie adoucissants</h4><h4>Peaux normales</h4><p>
200 ml
<br/>
33.45€/l
</p></a></div><div class="mini_picto_bas"></div></div></div></td></tr><tr><td><!-- PL : ici --><div class="bloc-produit  bientot-dispo"><div class="bloc-produit-content"><a title="Voir le produit" href="http://www.refonte.auchandirect.fr/hygiène-beauté/corps/crème-décolorante/id1/492/11250"><img src="http://www.refonte.auchandirect.fr/static/images/products/line/11250.jpg" alt="" class="produit "/></a><div class="picto"><span class="invisible"></span></div><div class="boutons-produit"><a class="bt-produit-ajout-panier disable" title="Bientôt disponible" href="javascript:void(0)">Bientôt disponible</a><a id="addProductToShoppingList_269" onclick="javascript:Tapestry.waitForPage(event);" title="Ajouter à ma liste" class="bt-produit-ajout-liste" href="http://www.refonte.auchandirect.fr/rayon.productgridorlist.productlist_1.thumbnailproduct_0.addproducttoshoppinglist/11250?t:ac=492">Ajouter à ma liste</a></div><div class="infos-produit-1"><div class="prix-actuel"><span>7.83€</span></div></div><div class="infos-produit-2"><a title="Voir le produit" href="http://www.refonte.auchandirect.fr/hygiène-beauté/corps/crème-décolorante/id1/492/11250"><h2>VEET</h2><h4>Crème décolorante</h4><h4>Visage et corps</h4><p>
2 x 50 ml
<br/>
78.30€/l
</p></a></div><div class="mini_picto_bas"></div></div></div></td><td><!-- PL : ici --><div class="bloc-produit "><div class="bloc-produit-content"><a title="Voir le produit" href="http://www.refonte.auchandirect.fr/hygiène-beauté/corps/crème-dépilatoire-sous-la-douche/id1/492/56590"><img src="http://www.refonte.auchandirect.fr/static/images/products/line/56590.jpg" alt="" class="produit "/></a><div class="picto"><span class="invisible"></span></div><div class="boutons-produit"><a id="addProductToBasket_172" onclick="javascript:Tapestry.waitForPage(event);" title="Ajouter au panier" class="bt-produit-ajout-panier" href="http://www.refonte.auchandirect.fr/rayon.productgridorlist.productlist_1.thumbnailproduct_0.addproducttobasket/56590?t:ac=492">Ajouter au panier</a><a id="addProductToShoppingList_270" onclick="javascript:Tapestry.waitForPage(event);" title="Ajouter à ma liste" class="bt-produit-ajout-liste" href="http://www.refonte.auchandirect.fr/rayon.productgridorlist.productlist_1.thumbnailproduct_0.addproducttoshoppinglist/56590?t:ac=492">Ajouter à ma liste</a></div><div class="infos-produit-1"><div class="prix-actuel"><span>11.46€</span></div></div><div class="infos-produit-2"><a title="Voir le produit" href="http://www.refonte.auchandirect.fr/hygiène-beauté/corps/crème-dépilatoire-sous-la-douche/id1/492/56590"><h2>VEET</h2><h4>Crème dépilatoire sous la douche</h4><h4></h4><p>
300 ml
<br/>
38.20€/l
</p></a></div><div class="mini_picto_bas"></div></div></div></td><td><!-- PL : ici --><div class="bloc-produit "><div class="bloc-produit-content"><a title="Voir le produit" href="http://www.refonte.auchandirect.fr/hygiène-beauté/corps/crème-dépilatoire-au-lait-d'amande-peaux-sensibles/id1/492/11254"><img src="http://www.refonte.auchandirect.fr/static/images/products/line/11254.jpg" alt="" class="produit "/></a><div class="picto"><span class="invisible"></span></div><div class="boutons-produit"><a id="addProductToBasket_173" onclick="javascript:Tapestry.waitForPage(event);" title="Ajouter au panier" class="bt-produit-ajout-panier" href="http://www.refonte.auchandirect.fr/rayon.productgridorlist.productlist_1.thumbnailproduct_0.addproducttobasket/11254?t:ac=492">Ajouter au panier</a><a id="addProductToShoppingList_271" onclick="javascript:Tapestry.waitForPage(event);" title="Ajouter à ma liste" class="bt-produit-ajout-liste" href="http://www.refonte.auchandirect.fr/rayon.productgridorlist.productlist_1.thumbnailproduct_0.addproducttoshoppinglist/11254?t:ac=492">Ajouter à ma liste</a></div><div class="infos-produit-1"><div class="prix-actuel"><span>6.66€</span></div></div><div class="infos-produit-2"><a title="Voir le produit" href="http://www.refonte.auchandirect.fr/hygiène-beauté/corps/crème-dépilatoire-au-lait-d'amande-peaux-sensibles/id1/492/11254"><h2>VEET</h2><h4>Crème dépilatoire au lait d'amande peaux sensibles</h4><h4>Peaux sèches</h4><p>
200 ml
<br/>
33.30€/l
</p></a></div><div class="mini_picto_bas"></div></div></div></td></tr><tr><td><!-- PL : ici --><div class="bloc-produit "><div class="bloc-produit-content"><a title="Voir le produit" href="http://www.refonte.auchandirect.fr/hygiène-beauté/corps/douche-surgras-peaux-sèches/id1/492/56093"><img src="http://www.refonte.auchandirect.fr/static/images/products/line/56093.jpg" alt="" class="produit "/></a><div class="picto"><span class="invisible"></span></div><div class="boutons-produit"><a id="addProductToBasket_174" onclick="javascript:Tapestry.waitForPage(event);" title="Ajouter au panier" class="bt-produit-ajout-panier" href="http://www.refonte.auchandirect.fr/rayon.productgridorlist.productlist_1.thumbnailproduct_0.addproducttobasket/56093?t:ac=492">Ajouter au panier</a><a id="addProductToShoppingList_272" onclick="javascript:Tapestry.waitForPage(event);" title="Ajouter à ma liste" class="bt-produit-ajout-liste" href="http://www.refonte.auchandirect.fr/rayon.productgridorlist.productlist_1.thumbnailproduct_0.addproducttoshoppinglist/56093?t:ac=492">Ajouter à ma liste</a></div><div class="infos-produit-1"><div class="prix-actuel"><span>3.68€</span></div></div><div class="infos-produit-2"><a title="Voir le produit" href="http://www.refonte.auchandirect.fr/hygiène-beauté/corps/douche-surgras-peaux-sèches/id1/492/56093"><h2>VENDÔME</h2><h4>Douche surgras peaux sèches</h4><h4>Beurre de karité</h4><p>
400 ml
<br/>
9.20€/l
</p></a></div><div class="mini_picto_bas"></div></div></div></td><td><!-- PL : ici --><div class="bloc-produit  bientot-dispo"><div class="bloc-produit-content"><a title="Voir le produit" href="http://www.refonte.auchandirect.fr/hygiène-beauté/corps/pain-dermatologique-peaux-sensibles/id1/492/37723"><img src="http://www.refonte.auchandirect.fr/static/images/products/line/37723.jpg" alt="" class="produit "/></a><div class="picto"><span class="invisible"></span></div><div class="boutons-produit"><a class="bt-produit-ajout-panier disable" title="Bientôt disponible" href="javascript:void(0)">Bientôt disponible</a><a id="addProductToShoppingList_273" onclick="javascript:Tapestry.waitForPage(event);" title="Ajouter à ma liste" class="bt-produit-ajout-liste" href="http://www.refonte.auchandirect.fr/rayon.productgridorlist.productlist_1.thumbnailproduct_0.addproducttoshoppinglist/37723?t:ac=492">Ajouter à ma liste</a></div><div class="infos-produit-1"><div class="prix-actuel"><span>2.34€</span></div></div><div class="infos-produit-2"><a title="Voir le produit" href="http://www.refonte.auchandirect.fr/hygiène-beauté/corps/pain-dermatologique-peaux-sensibles/id1/492/37723"><h2>VENDÔME</h2><h4>Pain dermatologique peaux sensibles</h4><h4>Huile d'abricot</h4><p>
100 g
<br/>
23.40€/kg
</p></a></div><div class="mini_picto_bas"></div></div></div></td><td><!-- PL : ici --><div class="bloc-produit "><div class="bloc-produit-content"><a title="Voir le produit" href="http://www.refonte.auchandirect.fr/hygiène-beauté/corps/lames-de-rasoir-pour-femme/id1/492/43153"><img src="http://www.refonte.auchandirect.fr/static/images/products/line/43153.jpg" alt="" class="produit "/></a><div class="picto"><span class="invisible"></span></div><div class="boutons-produit"><a id="addProductToBasket_175" onclick="javascript:Tapestry.waitForPage(event);" title="Ajouter au panier" class="bt-produit-ajout-panier" href="http://www.refonte.auchandirect.fr/rayon.productgridorlist.productlist_1.thumbnailproduct_0.addproducttobasket/43153?t:ac=492">Ajouter au panier</a><a id="addProductToShoppingList_274" onclick="javascript:Tapestry.waitForPage(event);" title="Ajouter à ma liste" class="bt-produit-ajout-liste" href="http://www.refonte.auchandirect.fr/rayon.productgridorlist.productlist_1.thumbnailproduct_0.addproducttoshoppinglist/43153?t:ac=492">Ajouter à ma liste</a></div><div class="infos-produit-1"><div class="prix-actuel"><span>8.92€</span></div></div><div class="infos-produit-2"><a title="Voir le produit" href="http://www.refonte.auchandirect.fr/hygiène-beauté/corps/lames-de-rasoir-pour-femme/id1/492/43153"><h2>WILKINSON</h2><h4>Lames de rasoir pour femme</h4><h4>Quattro</h4><p>
3 pièces
<br/>
2.97€/pièce
</p></a></div><div class="mini_picto_bas"></div></div></div></td></tr></table></div></div></div><!-- t:zone t:id="productListZone" t:update="show">
							<t:if test="specificCategory">
								<div id="${productListDivId}" class="liste clear-container">
									<bean t:type="products/lists/productList" categoryId="categoryId" products="products" listType="displayType" specifCategory="true" />
								</div>
							<p:else>
								<div id="${productListDivId}" class="liste clear-container">
									<bean t:type="products/lists/productList" categoryId="categoryId" products="products" listType="displayType" />
								</div>
							</p:else>
							</t:if>
						</t:zone --><!-- Bannière bas --><div class="zone-admin diff-zone"></div><!--  --><div class="clear-container" id="liste-produits-infos"><p>
Si vous avez des suggestions de produits,
<a id="suggestionPopup" onclick="javascript:Tapestry.waitForPage(event);" class="orange-link" shape="rect" href="http://www.refonte.auchandirect.fr/rayon.suggestionpopup?t:ac=492">dites-le nous !</a><span class="backtotop"><a shape="rect" href="492.html#top">Retour en haut de page</a></span></p></div></div><div style="position: relative" class="right-content"><div style="position: relative" id="wrapper_for_fixed_content"><!-- <div id="wrapper_for_fixed_content" xmlns:t="http://tapestry.apache.org/schema/tapestry_5_1_0.xsd" xmlns:p="tapestry:parameter"> --><div id="tout-en-un-client"><div class="item first" id="tout-en-un-compte"><h3>Mon Compte</h3><p><a id="eventlink" onclick="javascript:Tapestry.waitForPage(event);" href="http://www.refonte.auchandirect.fr/rayon.customerinfos:showsigninpopup?t:ac=492">Identifiez-vous</a><a> - </a><a id="registerPopup" onclick="javascript:Tapestry.waitForPage(event);" href="http://www.refonte.auchandirect.fr/rayon.customerinfos.registerpopup?t:ac=492">Inscrivez-vous</a></p></div><div class="item" id="tout-en-un-commandes"><h3>Mes commandes</h3><p><a id="popupAuth" onclick="javascript:Tapestry.waitForPage(event);" href="http://www.refonte.auchandirect.fr/rayon.customerinfos.popupauth?t:ac=492">Consultez vos commandes en cours et passées</a></p></div><div class="item" id="tout-en-un-livraison"><h3>
Ma livraison
</h3><p class="t-zone" id="slotInfoZone"><a id="showSlotTab" onclick="javascript:Tapestry.waitForPage(event);" href="http://www.refonte.auchandirect.fr/rayon.customerinfos.slotinfo.showslottab?t:ac=492"><span class="item-texte">
Prochaine livraison possible
</span><span class="item-date">mardi 15/01 entre 08h00 et 10h00</span></a></p></div><div class="t-zone" id="accountSummaryTabContentZone"><div id="onglets"><ul class="menu menu-horizontal tabs float-container"><li><a id="basket" onclick="javascript:Tapestry.waitForPage(event);" title="Mon panier" class="onglet-panier current" href="http://www.refonte.auchandirect.fr/rayon.customerinfos.basket?t:ac=492"><span class="invisible">Mon panier</span></a></li><li><a id="lists" onclick="javascript:Tapestry.waitForPage(event);" title="Mes listes" class="onglet-listes " href="http://www.refonte.auchandirect.fr/rayon.customerinfos.lists?t:ac=492"><span class="invisible">Mes listes</span></a></li><li><a id="topBasket" onclick="javascript:Tapestry.waitForPage(event);" title="Lancer mon top panier" class="onglet-top-panier " href="http://www.refonte.auchandirect.fr/rayon.customerinfos.topbasket?t:ac=492"><span class="invisible">[[missing key: customerInfos.top]]</span></a></li></ul><div class="panes"><div class="item" id="panel-panier"><div class="t-zone" id="completeMiniBasketZone"><div class="t-zone" id="miniBasket"><p>Votre panier est vide</p><ul class="menu menu-horizontal"><li><a title="Voir le détails de votre panier" class="panier-bt-voir" href="../../../monpanier.html"></a></li></ul></div><div class="bouton-right-container"><div class="container-bouton-type1"><a id="validateBasket" onclick="javascript:Tapestry.waitForPage(event);" class="bouton-type1" href="http://www.refonte.auchandirect.fr/rayon.customerinfos.minibasket.validatebasket?t:ac=492">
Valider mon panier
</a></div></div><div class="clear"></div></div></div></div></div></div></div><!-- </div> --><!-- <bean t:type="misc/commitment/expandedCommitment" /> --></div></div></div></div><!-- div class="float-container" id="footer-menu-annexe" xmlns:t="http://tapestry.apache.org/schema/tapestry_5_1_0.xsd">
	<ul class="menu menu-horizontal">
		<li>
			<t:pagelink t:page="apropos/engagement">
				<t:outputraw value="message:link.engagement.lbl" />
			</t:pagelink>
		</li>
		<li>
			<t:pagelink t:page="apropos/contact">
				<t:outputraw value="message:link.contact.lbl" />
			</t:pagelink>
		</li>
		<li>
			<t:pagelink t:page="apropos/faq">
				<t:outputraw value="message:link.faq.lbl" />
			</t:pagelink>
		</li>
		<li>
			<t:pagelink t:page="apropos/cgv">
				<t:outputraw value="message:link.cgv.lbl" />
			</t:pagelink>
		</li>
		<li>
			<t:pagelink t:page="apropos/operations">
				<t:outputraw value="message:link.operations.lbl" />
			</t:pagelink>
		</li>
		<li>
			<t:pagelink t:page="apropos/legal">
				<t:outputraw value="message:link.legal.lbl" />
			</t:pagelink>
		</li>
	</ul>
</div --><div id="footer-menu-annexe" class="float-container">
<ul class="menu menu-horizontal">
	<li><a href="http://www.refonte.auchandirect.fr/apropos/engagement">Engagements</a></li>
	<li><a href="http://www.refonte.auchandirect.fr/apropos/contact">Contactez-nous</a></li>
	<li><a href="http://www.refonte.auchandirect.fr/apropos/faq">FAQ</a></li>
	<li><a href="http://www.refonte.auchandirect.fr/apropos/cgv">Conditions g&eacute;n&eacute;rales de vente</a></li>
	<li><a href="http://www.refonte.auchandirect.fr/apropos/operations">Op&eacute;rations commerciales</a></li>
	<li><a href="http://www.refonte.auchandirect.fr/apropos/legal">Mentions l&eacute;gales</a></li>
	<li><a href="../../../actus.html">Actualit&eacute;s</a> </li>
</ul>
</div>
<!-- div class="float-container" id="footer-infos" xmlns:t="http://tapestry.apache.org/schema/tapestry_5_1_0.xsd">
	<div id="info-facebook">
		<a href="http://www.facebook.com/Auchandirect.fr" target="_blank">
			<img width="26" height="26" alt="${message:facebook.img.alt}" src="/static/images/icone-facebook.png" />
		</a>
		<a href="http://www.facebook.com/Auchandirect.fr" target="_blank">	
			<span><t:outputraw value="message:facebook.fan.lbl" /></span>
		</a>
	</div>
	<div id="infos-contact">
		<div id="infos-contact-titre">
			<t:outputraw value="message:info.contact.lbl" />
		</div>
		<div id="infos-contact-tel">
			<t:outputraw value="message:info.phone.lbl" />
		</div>
		<div id="infos-contact-mail">
			<t:outputraw value="message:info.mail.lbl" />
		</div>
		<div id="eco-responsable">
			<img src="/static/images/picto-carton.png" width="142" height="126" alt="${message:eco.resp.alt}" />
		</div>
	</div>
</div --><div id="footer-infos" class="float-container">
<div id="info-facebook">
<a href="http://www.facebook.com/Auchandirect.fr" target="_blank"><img src="http://www.refonte.auchandirect.fr/static/images/icone-facebook.png" alt="auchandirect sur facebook" width="26" height="26" /></a><a href="http://www.facebook.com/Auchandirect.fr" target="_blank"><span>Devenez fan !</span></a>
</div>
<div id="infos-contact">
<div id="infos-contact-titre">
Contactez votre service client :
</div>
<div id="infos-contact-tel">
<strong>Par t&eacute;l&eacute;phone : 01 56 30 91 00 </strong>Du lundi au vendredi de 8H &agrave; 22H et le samedi de 9H &agrave; 18H (Appel non surtax&eacute;)
</div>
<div id="infos-contact-mail">
<strong>Par email : <a href="mailto:client@auchandirect.fr">client@auchandirect.fr</a></strong>
</div>
<div id="eco-responsable">
<img src="http://www.refonte.auchandirect.fr/static/images/picto-carton.png" alt="eco-responsable" width="142" height="126" />
</div>
</div>
</div>
</div><div class="t-zone" id="popupZone"></div><div class="t-zone" id="secondPopupZone"></div><div class="t-zone" id="closePopupZone"></div><a style="display:none;" id="showPopupLink" href="492.html#popupContent" class="fancylink"></a><div style="display:none"><div class="t-zone" id="forceAjax"></div></div><script type="text/javascript">
var gaJsHost = (("https:" == document.location.protocol) ? "https://ssl." : "http://www.");
document.write(unescape("%3Cscript src='" + gaJsHost + "google-analytics.com/ga.js' type='text/javascript'%3E%3C/script%3E"));
</script><script type="text/javascript">
var pageTracker = _gat._getTracker("UA-3062526-1");
pageTracker._initData();
pageTracker._trackPageview();
pageTracker._trackPageLoadTime();
</script><script type="text/javascript">Tapestry.onDOMLoaded(function() {
Tapestry.init({"popup":[[]],"zone":[{"update":"show","element":"headerListZone"},{"update":"show","element":"productDisplayTypeZone"},{"update":"show","element":"labelZone"},{"update":"show","element":"moreProductListZone"},{"update":"show","element":"productListZone"},{"update":"show","element":"slotInfoZone"},{"update":"show","element":"accountSummaryTabContentZone"},{"update":"show","element":"completeMiniBasketZone"},{"update":"show","element":"miniBasket"},{"update":"show","element":"popupZone"},{"update":"show","element":"secondPopupZone"},{"update":"show","element":"closePopupZone"},"forceAjax"],"linkZone":[["newsLetterPopup","forceAjax","/rayon.pagetemplate.header.headertop.newsletterpopup?t:ac=492"],["sortForm","productListZone","/rayon.productgridorlist.sortform"],["list","productListZone","/rayon.productgridorlist.list?t:ac=492"],["thumbnail","productListZone","/rayon.productgridorlist.thumbnail?t:ac=492"],["viewSubCat","labelZone","/rayon.productgridorlist.viewsubcat/746?t:ac=492"],["viewSubCat_0","labelZone","/rayon.productgridorlist.viewsubcat/748?t:ac=492"],["viewSubCat_1","labelZone","/rayon.productgridorlist.viewsubcat/744?t:ac=492"],["viewSubCat_2","labelZone","/rayon.productgridorlist.viewsubcat/745?t:ac=492"],["viewSubCat_3","labelZone","/rayon.productgridorlist.viewsubcat/751?t:ac=492"],["viewSubCat_4","labelZone","/rayon.productgridorlist.viewsubcat/750?t:ac=492"],["viewSubCat_5","labelZone","/rayon.productgridorlist.viewsubcat/749?t:ac=492"],["viewSubCat_6","labelZone","/rayon.productgridorlist.viewsubcat/754?t:ac=492"],["filterPromos","productListZone","/rayon.productgridorlist.filterpromos?t:ac=492"],["filterNews","productListZone","/rayon.productgridorlist.filternews?t:ac=492"],["filterAuchan","productListZone","/rayon.productgridorlist.filterauchan?t:ac=492"],["viewAllBrands","labelZone","/rayon.productgridorlist.viewallbrands?t:ac=492"],["addProductToShoppingList","forceAjax","/rayon.productgridorlist.productlist_1.thumbnailproduct_0.addproducttoshoppinglist/60679?t:ac=492"],["addProductToBasket","forceAjax","/rayon.productgridorlist.productlist_1.thumbnailproduct_0.addproducttobasket/60241?t:ac=492"],["addProductToShoppingList_0","forceAjax","/rayon.productgridorlist.productlist_1.thumbnailproduct_0.addproducttoshoppinglist/60241?t:ac=492"],["addProductToShoppingList_1","forceAjax","/rayon.productgridorlist.productlist_1.thumbnailproduct_0.addproducttoshoppinglist/58579?t:ac=492"],["addProductToShoppingList_2","forceAjax","/rayon.productgridorlist.productlist_1.thumbnailproduct_0.addproducttoshoppinglist/60298?t:ac=492"],["addProductToBasket_0","forceAjax","/rayon.productgridorlist.productlist_1.thumbnailproduct_0.addproducttobasket/40961?t:ac=492"],["addProductToShoppingList_3","forceAjax","/rayon.productgridorlist.productlist_1.thumbnailproduct_0.addproducttoshoppinglist/40961?t:ac=492"],["addProductToBasket_1","forceAjax","/rayon.productgridorlist.productlist_1.thumbnailproduct_0.addproducttobasket/34878?t:ac=492"],["addProductToShoppingList_4","forceAjax","/rayon.productgridorlist.productlist_1.thumbnailproduct_0.addproducttoshoppinglist/34878?t:ac=492"],["addProductToShoppingList_5","forceAjax","/rayon.productgridorlist.productlist_1.thumbnailproduct_0.addproducttoshoppinglist/2010?t:ac=492"],["addProductToShoppingList_6","forceAjax","/rayon.productgridorlist.productlist_1.thumbnailproduct_0.addproducttoshoppinglist/100340?t:ac=492"],["addProductToShoppingList_7","forceAjax","/rayon.productgridorlist.productlist_1.thumbnailproduct_0.addproducttoshoppinglist/100338?t:ac=492"],["addProductToShoppingList_8","forceAjax","/rayon.productgridorlist.productlist_1.thumbnailproduct_0.addproducttoshoppinglist/101083?t:ac=492"],["addProductToBasket_2","forceAjax","/rayon.productgridorlist.productlist_1.thumbnailproduct_0.addproducttobasket/91878?t:ac=492"],["addProductToShoppingList_9","forceAjax","/rayon.productgridorlist.productlist_1.thumbnailproduct_0.addproducttoshoppinglist/91878?t:ac=492"],["addProductToBasket_3","forceAjax","/rayon.productgridorlist.productlist_1.thumbnailproduct_0.addproducttobasket/91235?t:ac=492"],["addProductToShoppingList_10","forceAjax","/rayon.productgridorlist.productlist_1.thumbnailproduct_0.addproducttoshoppinglist/91235?t:ac=492"],["addProductToShoppingList_11","forceAjax","/rayon.productgridorlist.productlist_1.thumbnailproduct_0.addproducttoshoppinglist/70911?t:ac=492"],["addProductToShoppingList_12","forceAjax","/rayon.productgridorlist.productlist_1.thumbnailproduct_0.addproducttoshoppinglist/2011?t:ac=492"],["addProductToBasket_4","forceAjax","/rayon.productgridorlist.productlist_1.thumbnailproduct_0.addproducttobasket/16011?t:ac=492"],["addProductToShoppingList_13","forceAjax","/rayon.productgridorlist.productlist_1.thumbnailproduct_0.addproducttoshoppinglist/16011?t:ac=492"],["addProductToBasket_5","forceAjax","/rayon.productgridorlist.productlist_1.thumbnailproduct_0.addproducttobasket/16012?t:ac=492"],["addProductToShoppingList_14","forceAjax","/rayon.productgridorlist.productlist_1.thumbnailproduct_0.addproducttoshoppinglist/16012?t:ac=492"],["addProductToBasket_6","forceAjax","/rayon.productgridorlist.productlist_1.thumbnailproduct_0.addproducttobasket/16005?t:ac=492"],["addProductToShoppingList_15","forceAjax","/rayon.productgridorlist.productlist_1.thumbnailproduct_0.addproducttoshoppinglist/16005?t:ac=492"],["addProductToBasket_7","forceAjax","/rayon.productgridorlist.productlist_1.thumbnailproduct_0.addproducttobasket/58552?t:ac=492"],["addProductToShoppingList_16","forceAjax","/rayon.productgridorlist.productlist_1.thumbnailproduct_0.addproducttoshoppinglist/58552?t:ac=492"],["addProductToBasket_8","forceAjax","/rayon.productgridorlist.productlist_1.thumbnailproduct_0.addproducttobasket/95855?t:ac=492"],["addProductToShoppingList_17","forceAjax","/rayon.productgridorlist.productlist_1.thumbnailproduct_0.addproducttoshoppinglist/95855?t:ac=492"],["addProductToShoppingList_18","forceAjax","/rayon.productgridorlist.productlist_1.thumbnailproduct_0.addproducttoshoppinglist/52377?t:ac=492"],["addProductToBasket_9","forceAjax","/rayon.productgridorlist.productlist_1.thumbnailproduct_0.addproducttobasket/52542?t:ac=492"],["addProductToShoppingList_19","forceAjax","/rayon.productgridorlist.productlist_1.thumbnailproduct_0.addproducttoshoppinglist/52542?t:ac=492"],["addProductToBasket_10","forceAjax","/rayon.productgridorlist.productlist_1.thumbnailproduct_0.addproducttobasket/52552?t:ac=492"],["addProductToShoppingList_20","forceAjax","/rayon.productgridorlist.productlist_1.thumbnailproduct_0.addproducttoshoppinglist/52552?t:ac=492"],["addProductToBasket_11","forceAjax","/rayon.productgridorlist.productlist_1.thumbnailproduct_0.addproducttobasket/17494?t:ac=492"],["addProductToShoppingList_21","forceAjax","/rayon.productgridorlist.productlist_1.thumbnailproduct_0.addproducttoshoppinglist/17494?t:ac=492"],["addProductToShoppingList_22","forceAjax","/rayon.productgridorlist.productlist_1.thumbnailproduct_0.addproducttoshoppinglist/31443?t:ac=492"],["addProductToShoppingList_23","forceAjax","/rayon.productgridorlist.productlist_1.thumbnailproduct_0.addproducttoshoppinglist/17495?t:ac=492"],["addProductToBasket_12","forceAjax","/rayon.productgridorlist.productlist_1.thumbnailproduct_0.addproducttobasket/51587?t:ac=492"],["addProductToShoppingList_24","forceAjax","/rayon.productgridorlist.productlist_1.thumbnailproduct_0.addproducttoshoppinglist/51587?t:ac=492"],["addProductToShoppingList_25","forceAjax","/rayon.productgridorlist.productlist_1.thumbnailproduct_0.addproducttoshoppinglist/33778?t:ac=492"],["addProductToBasket_13","forceAjax","/rayon.productgridorlist.productlist_1.thumbnailproduct_0.addproducttobasket/90788?t:ac=492"],["addProductToShoppingList_26","forceAjax","/rayon.productgridorlist.productlist_1.thumbnailproduct_0.addproducttoshoppinglist/90788?t:ac=492"],["addProductToBasket_14","forceAjax","/rayon.productgridorlist.productlist_1.thumbnailproduct_0.addproducttobasket/23532?t:ac=492"],["addProductToShoppingList_27","forceAjax","/rayon.productgridorlist.productlist_1.thumbnailproduct_0.addproducttoshoppinglist/23532?t:ac=492"],["addProductToBasket_15","forceAjax","/rayon.productgridorlist.productlist_1.thumbnailproduct_0.addproducttobasket/36077?t:ac=492"],["addProductToShoppingList_28","forceAjax","/rayon.productgridorlist.productlist_1.thumbnailproduct_0.addproducttoshoppinglist/36077?t:ac=492"],["addProductToShoppingList_29","forceAjax","/rayon.productgridorlist.productlist_1.thumbnailproduct_0.addproducttoshoppinglist/43130?t:ac=492"],["addProductToShoppingList_30","forceAjax","/rayon.productgridorlist.productlist_1.thumbnailproduct_0.addproducttoshoppinglist/40163?t:ac=492"],["addProductToBasket_16","forceAjax","/rayon.productgridorlist.productlist_1.thumbnailproduct_0.addproducttobasket/43567?t:ac=492"],["addProductToShoppingList_31","forceAjax","/rayon.productgridorlist.productlist_1.thumbnailproduct_0.addproducttoshoppinglist/43567?t:ac=492"],["addProductToBasket_17","forceAjax","/rayon.productgridorlist.productlist_1.thumbnailproduct_0.addproducttobasket/33931?t:ac=492"],["addProductToShoppingList_32","forceAjax","/rayon.productgridorlist.productlist_1.thumbnailproduct_0.addproducttoshoppinglist/33931?t:ac=492"],["addProductToBasket_18","forceAjax","/rayon.productgridorlist.productlist_1.thumbnailproduct_0.addproducttobasket/25660?t:ac=492"],["addProductToShoppingList_33","forceAjax","/rayon.productgridorlist.productlist_1.thumbnailproduct_0.addproducttoshoppinglist/25660?t:ac=492"],["addProductToShoppingList_34","forceAjax","/rayon.productgridorlist.productlist_1.thumbnailproduct_0.addproducttoshoppinglist/89062?t:ac=492"],["addProductToBasket_19","forceAjax","/rayon.productgridorlist.productlist_1.thumbnailproduct_0.addproducttobasket/89052?t:ac=492"],["addProductToShoppingList_35","forceAjax","/rayon.productgridorlist.productlist_1.thumbnailproduct_0.addproducttoshoppinglist/89052?t:ac=492"],["addProductToShoppingList_36","forceAjax","/rayon.productgridorlist.productlist_1.thumbnailproduct_0.addproducttoshoppinglist/25041?t:ac=492"],["addProductToBasket_20","forceAjax","/rayon.productgridorlist.productlist_1.thumbnailproduct_0.addproducttobasket/57683?t:ac=492"],["addProductToShoppingList_37","forceAjax","/rayon.productgridorlist.productlist_1.thumbnailproduct_0.addproducttoshoppinglist/57683?t:ac=492"],["addProductToShoppingList_38","forceAjax","/rayon.productgridorlist.productlist_1.thumbnailproduct_0.addproducttoshoppinglist/57539?t:ac=492"],["addProductToBasket_21","forceAjax","/rayon.productgridorlist.productlist_1.thumbnailproduct_0.addproducttobasket/39822?t:ac=492"],["addProductToShoppingList_39","forceAjax","/rayon.productgridorlist.productlist_1.thumbnailproduct_0.addproducttoshoppinglist/39822?t:ac=492"],["addProductToBasket_22","forceAjax","/rayon.productgridorlist.productlist_1.thumbnailproduct_0.addproducttobasket/13067?t:ac=492"],["addProductToShoppingList_40","forceAjax","/rayon.productgridorlist.productlist_1.thumbnailproduct_0.addproducttoshoppinglist/13067?t:ac=492"],["addProductToShoppingList_41","forceAjax","/rayon.productgridorlist.productlist_1.thumbnailproduct_0.addproducttoshoppinglist/1117?t:ac=492"],["addProductToBasket_23","forceAjax","/rayon.productgridorlist.productlist_1.thumbnailproduct_0.addproducttobasket/57520?t:ac=492"],["addProductToShoppingList_42","forceAjax","/rayon.productgridorlist.productlist_1.thumbnailproduct_0.addproducttoshoppinglist/57520?t:ac=492"],["addProductToBasket_24","forceAjax","/rayon.productgridorlist.productlist_1.thumbnailproduct_0.addproducttobasket/8424?t:ac=492"],["addProductToShoppingList_43","forceAjax","/rayon.productgridorlist.productlist_1.thumbnailproduct_0.addproducttoshoppinglist/8424?t:ac=492"],["addProductToShoppingList_44","forceAjax","/rayon.productgridorlist.productlist_1.thumbnailproduct_0.addproducttoshoppinglist/2051?t:ac=492"],["addProductToBasket_25","forceAjax","/rayon.productgridorlist.productlist_1.thumbnailproduct_0.addproducttobasket/60680?t:ac=492"],["addProductToShoppingList_45","forceAjax","/rayon.productgridorlist.productlist_1.thumbnailproduct_0.addproducttoshoppinglist/60680?t:ac=492"],["addProductToBasket_26","forceAjax","/rayon.productgridorlist.productlist_1.thumbnailproduct_0.addproducttobasket/57687?t:ac=492"],["addProductToShoppingList_46","forceAjax","/rayon.productgridorlist.productlist_1.thumbnailproduct_0.addproducttoshoppinglist/57687?t:ac=492"],["addProductToBasket_27","forceAjax","/rayon.productgridorlist.productlist_1.thumbnailproduct_0.addproducttobasket/57526?t:ac=492"],["addProductToShoppingList_47","forceAjax","/rayon.productgridorlist.productlist_1.thumbnailproduct_0.addproducttoshoppinglist/57526?t:ac=492"],["addProductToBasket_28","forceAjax","/rayon.productgridorlist.productlist_1.thumbnailproduct_0.addproducttobasket/60681?t:ac=492"],["addProductToShoppingList_48","forceAjax","/rayon.productgridorlist.productlist_1.thumbnailproduct_0.addproducttoshoppinglist/60681?t:ac=492"],["addProductToBasket_29","forceAjax","/rayon.productgridorlist.productlist_1.thumbnailproduct_0.addproducttobasket/1612?t:ac=492"],["addProductToShoppingList_49","forceAjax","/rayon.productgridorlist.productlist_1.thumbnailproduct_0.addproducttoshoppinglist/1612?t:ac=492"],["addProductToBasket_30","forceAjax","/rayon.productgridorlist.productlist_1.thumbnailproduct_0.addproducttobasket/102768?t:ac=492"],["addProductToShoppingList_50","forceAjax","/rayon.productgridorlist.productlist_1.thumbnailproduct_0.addproducttoshoppinglist/102768?t:ac=492"],["addProductToShoppingList_51","forceAjax","/rayon.productgridorlist.productlist_1.thumbnailproduct_0.addproducttoshoppinglist/37278?t:ac=492"],["addProductToShoppingList_52","forceAjax","/rayon.productgridorlist.productlist_1.thumbnailproduct_0.addproducttoshoppinglist/35852?t:ac=492"],["addProductToShoppingList_53","forceAjax","/rayon.productgridorlist.productlist_1.thumbnailproduct_0.addproducttoshoppinglist/44427?t:ac=492"],["addProductToBasket_31","forceAjax","/rayon.productgridorlist.productlist_1.thumbnailproduct_0.addproducttobasket/61645?t:ac=492"],["addProductToShoppingList_54","forceAjax","/rayon.productgridorlist.productlist_1.thumbnailproduct_0.addproducttoshoppinglist/61645?t:ac=492"],["addProductToBasket_32","forceAjax","/rayon.productgridorlist.productlist_1.thumbnailproduct_0.addproducttobasket/30899?t:ac=492"],["addProductToShoppingList_55","forceAjax","/rayon.productgridorlist.productlist_1.thumbnailproduct_0.addproducttoshoppinglist/30899?t:ac=492"],["addProductToBasket_33","forceAjax","/rayon.productgridorlist.productlist_1.thumbnailproduct_0.addproducttobasket/42742?t:ac=492"],["addProductToShoppingList_56","forceAjax","/rayon.productgridorlist.productlist_1.thumbnailproduct_0.addproducttoshoppinglist/42742?t:ac=492"],["addProductToShoppingList_57","forceAjax","/rayon.productgridorlist.productlist_1.thumbnailproduct_0.addproducttoshoppinglist/21708?t:ac=492"],["addProductToBasket_34","forceAjax","/rayon.productgridorlist.productlist_1.thumbnailproduct_0.addproducttobasket/23111?t:ac=492"],["addProductToShoppingList_58","forceAjax","/rayon.productgridorlist.productlist_1.thumbnailproduct_0.addproducttoshoppinglist/23111?t:ac=492"],["addProductToShoppingList_59","forceAjax","/rayon.productgridorlist.productlist_1.thumbnailproduct_0.addproducttoshoppinglist/55255?t:ac=492"],["addProductToShoppingList_60","forceAjax","/rayon.productgridorlist.productlist_1.thumbnailproduct_0.addproducttoshoppinglist/55256?t:ac=492"],["addProductToBasket_35","forceAjax","/rayon.productgridorlist.productlist_1.thumbnailproduct_0.addproducttobasket/55257?t:ac=492"],["addProductToShoppingList_61","forceAjax","/rayon.productgridorlist.productlist_1.thumbnailproduct_0.addproducttoshoppinglist/55257?t:ac=492"],["addProductToBasket_36","forceAjax","/rayon.productgridorlist.productlist_1.thumbnailproduct_0.addproducttobasket/12016?t:ac=492"],["addProductToShoppingList_62","forceAjax","/rayon.productgridorlist.productlist_1.thumbnailproduct_0.addproducttoshoppinglist/12016?t:ac=492"],["addProductToShoppingList_63","forceAjax","/rayon.productgridorlist.productlist_1.thumbnailproduct_0.addproducttoshoppinglist/2365?t:ac=492"],["addProductToBasket_37","forceAjax","/rayon.productgridorlist.productlist_1.thumbnailproduct_0.addproducttobasket/7703?t:ac=492"],["addProductToShoppingList_64","forceAjax","/rayon.productgridorlist.productlist_1.thumbnailproduct_0.addproducttoshoppinglist/7703?t:ac=492"],["addProductToBasket_38","forceAjax","/rayon.productgridorlist.productlist_1.thumbnailproduct_0.addproducttobasket/75781?t:ac=492"],["addProductToShoppingList_65","forceAjax","/rayon.productgridorlist.productlist_1.thumbnailproduct_0.addproducttoshoppinglist/75781?t:ac=492"],["addProductToShoppingList_66","forceAjax","/rayon.productgridorlist.productlist_1.thumbnailproduct_0.addproducttoshoppinglist/2720?t:ac=492"],["addProductToShoppingList_67","forceAjax","/rayon.productgridorlist.productlist_1.thumbnailproduct_0.addproducttoshoppinglist/11411?t:ac=492"],["addProductToShoppingList_68","forceAjax","/rayon.productgridorlist.productlist_1.thumbnailproduct_0.addproducttoshoppinglist/33943?t:ac=492"],["addProductToShoppingList_69","forceAjax","/rayon.productgridorlist.productlist_1.thumbnailproduct_0.addproducttoshoppinglist/42444?t:ac=492"],["addProductToBasket_39","forceAjax","/rayon.productgridorlist.productlist_1.thumbnailproduct_0.addproducttobasket/1522?t:ac=492"],["addProductToShoppingList_70","forceAjax","/rayon.productgridorlist.productlist_1.thumbnailproduct_0.addproducttoshoppinglist/1522?t:ac=492"],["addProductToBasket_40","forceAjax","/rayon.productgridorlist.productlist_1.thumbnailproduct_0.addproducttobasket/27041?t:ac=492"],["addProductToShoppingList_71","forceAjax","/rayon.productgridorlist.productlist_1.thumbnailproduct_0.addproducttoshoppinglist/27041?t:ac=492"],["addProductToBasket_41","forceAjax","/rayon.productgridorlist.productlist_1.thumbnailproduct_0.addproducttobasket/1540?t:ac=492"],["addProductToShoppingList_72","forceAjax","/rayon.productgridorlist.productlist_1.thumbnailproduct_0.addproducttoshoppinglist/1540?t:ac=492"],["addProductToShoppingList_73","forceAjax","/rayon.productgridorlist.productlist_1.thumbnailproduct_0.addproducttoshoppinglist/73791?t:ac=492"],["addProductToShoppingList_74","forceAjax","/rayon.productgridorlist.productlist_1.thumbnailproduct_0.addproducttoshoppinglist/11524?t:ac=492"],["addProductToShoppingList_75","forceAjax","/rayon.productgridorlist.productlist_1.thumbnailproduct_0.addproducttoshoppinglist/58467?t:ac=492"],["addProductToBasket_42","forceAjax","/rayon.productgridorlist.productlist_1.thumbnailproduct_0.addproducttobasket/42038?t:ac=492"],["addProductToShoppingList_76","forceAjax","/rayon.productgridorlist.productlist_1.thumbnailproduct_0.addproducttoshoppinglist/42038?t:ac=492"],["addProductToBasket_43","forceAjax","/rayon.productgridorlist.productlist_1.thumbnailproduct_0.addproducttobasket/61171?t:ac=492"],["addProductToShoppingList_77","forceAjax","/rayon.productgridorlist.productlist_1.thumbnailproduct_0.addproducttoshoppinglist/61171?t:ac=492"],["addProductToBasket_44","forceAjax","/rayon.productgridorlist.productlist_1.thumbnailproduct_0.addproducttobasket/61172?t:ac=492"],["addProductToShoppingList_78","forceAjax","/rayon.productgridorlist.productlist_1.thumbnailproduct_0.addproducttoshoppinglist/61172?t:ac=492"],["addProductToBasket_45","forceAjax","/rayon.productgridorlist.productlist_1.thumbnailproduct_0.addproducttobasket/73570?t:ac=492"],["addProductToShoppingList_79","forceAjax","/rayon.productgridorlist.productlist_1.thumbnailproduct_0.addproducttoshoppinglist/73570?t:ac=492"],["addProductToBasket_46","forceAjax","/rayon.productgridorlist.productlist_1.thumbnailproduct_0.addproducttobasket/89168?t:ac=492"],["addProductToShoppingList_80","forceAjax","/rayon.productgridorlist.productlist_1.thumbnailproduct_0.addproducttoshoppinglist/89168?t:ac=492"],["addProductToBasket_47","forceAjax","/rayon.productgridorlist.productlist_1.thumbnailproduct_0.addproducttobasket/91241?t:ac=492"],["addProductToShoppingList_81","forceAjax","/rayon.productgridorlist.productlist_1.thumbnailproduct_0.addproducttoshoppinglist/91241?t:ac=492"],["addProductToShoppingList_82","forceAjax","/rayon.productgridorlist.productlist_1.thumbnailproduct_0.addproducttoshoppinglist/58722?t:ac=492"],["addProductToShoppingList_83","forceAjax","/rayon.productgridorlist.productlist_1.thumbnailproduct_0.addproducttoshoppinglist/46302?t:ac=492"],["addProductToBasket_48","forceAjax","/rayon.productgridorlist.productlist_1.thumbnailproduct_0.addproducttobasket/39897?t:ac=492"],["addProductToShoppingList_84","forceAjax","/rayon.productgridorlist.productlist_1.thumbnailproduct_0.addproducttoshoppinglist/39897?t:ac=492"],["addProductToBasket_49","forceAjax","/rayon.productgridorlist.productlist_1.thumbnailproduct_0.addproducttobasket/37344?t:ac=492"],["addProductToShoppingList_85","forceAjax","/rayon.productgridorlist.productlist_1.thumbnailproduct_0.addproducttoshoppinglist/37344?t:ac=492"],["addProductToBasket_50","forceAjax","/rayon.productgridorlist.productlist_1.thumbnailproduct_0.addproducttobasket/20777?t:ac=492"],["addProductToShoppingList_86","forceAjax","/rayon.productgridorlist.productlist_1.thumbnailproduct_0.addproducttoshoppinglist/20777?t:ac=492"],["addProductToBasket_51","forceAjax","/rayon.productgridorlist.productlist_1.thumbnailproduct_0.addproducttobasket/40368?t:ac=492"],["addProductToShoppingList_87","forceAjax","/rayon.productgridorlist.productlist_1.thumbnailproduct_0.addproducttoshoppinglist/40368?t:ac=492"],["addProductToBasket_52","forceAjax","/rayon.productgridorlist.productlist_1.thumbnailproduct_0.addproducttobasket/55765?t:ac=492"],["addProductToShoppingList_88","forceAjax","/rayon.productgridorlist.productlist_1.thumbnailproduct_0.addproducttoshoppinglist/55765?t:ac=492"],["addProductToBasket_53","forceAjax","/rayon.productgridorlist.productlist_1.thumbnailproduct_0.addproducttobasket/55766?t:ac=492"],["addProductToShoppingList_89","forceAjax","/rayon.productgridorlist.productlist_1.thumbnailproduct_0.addproducttoshoppinglist/55766?t:ac=492"],["addProductToShoppingList_90","forceAjax","/rayon.productgridorlist.productlist_1.thumbnailproduct_0.addproducttoshoppinglist/55827?t:ac=492"],["addProductToBasket_54","forceAjax","/rayon.productgridorlist.productlist_1.thumbnailproduct_0.addproducttobasket/25200?t:ac=492"],["addProductToShoppingList_91","forceAjax","/rayon.productgridorlist.productlist_1.thumbnailproduct_0.addproducttoshoppinglist/25200?t:ac=492"],["addProductToBasket_55","forceAjax","/rayon.productgridorlist.productlist_1.thumbnailproduct_0.addproducttobasket/12048?t:ac=492"],["addProductToShoppingList_92","forceAjax","/rayon.productgridorlist.productlist_1.thumbnailproduct_0.addproducttoshoppinglist/12048?t:ac=492"],["addProductToShoppingList_93","forceAjax","/rayon.productgridorlist.productlist_1.thumbnailproduct_0.addproducttoshoppinglist/52609?t:ac=492"],["addProductToBasket_56","forceAjax","/rayon.productgridorlist.productlist_1.thumbnailproduct_0.addproducttobasket/1538?t:ac=492"],["addProductToShoppingList_94","forceAjax","/rayon.productgridorlist.productlist_1.thumbnailproduct_0.addproducttoshoppinglist/1538?t:ac=492"],["addProductToShoppingList_95","forceAjax","/rayon.productgridorlist.productlist_1.thumbnailproduct_0.addproducttoshoppinglist/42690?t:ac=492"],["addProductToShoppingList_96","forceAjax","/rayon.productgridorlist.productlist_1.thumbnailproduct_0.addproducttoshoppinglist/48062?t:ac=492"],["addProductToBasket_57","forceAjax","/rayon.productgridorlist.productlist_1.thumbnailproduct_0.addproducttobasket/6087?t:ac=492"],["addProductToShoppingList_97","forceAjax","/rayon.productgridorlist.productlist_1.thumbnailproduct_0.addproducttoshoppinglist/6087?t:ac=492"],["addProductToShoppingList_98","forceAjax","/rayon.productgridorlist.productlist_1.thumbnailproduct_0.addproducttoshoppinglist/9445?t:ac=492"],["addProductToShoppingList_99","forceAjax","/rayon.productgridorlist.productlist_1.thumbnailproduct_0.addproducttoshoppinglist/14514?t:ac=492"],["addProductToBasket_58","forceAjax","/rayon.productgridorlist.productlist_1.thumbnailproduct_0.addproducttobasket/34157?t:ac=492"],["addProductToShoppingList_100","forceAjax","/rayon.productgridorlist.productlist_1.thumbnailproduct_0.addproducttoshoppinglist/34157?t:ac=492"],["addProductToShoppingList_101","forceAjax","/rayon.productgridorlist.productlist_1.thumbnailproduct_0.addproducttoshoppinglist/60493?t:ac=492"],["addProductToShoppingList_102","forceAjax","/rayon.productgridorlist.productlist_1.thumbnailproduct_0.addproducttoshoppinglist/60496?t:ac=492"],["addProductToBasket_59","forceAjax","/rayon.productgridorlist.productlist_1.thumbnailproduct_0.addproducttobasket/60494?t:ac=492"],["addProductToShoppingList_103","forceAjax","/rayon.productgridorlist.productlist_1.thumbnailproduct_0.addproducttoshoppinglist/60494?t:ac=492"],["addProductToShoppingList_104","forceAjax","/rayon.productgridorlist.productlist_1.thumbnailproduct_0.addproducttoshoppinglist/1107?t:ac=492"],["addProductToBasket_60","forceAjax","/rayon.productgridorlist.productlist_1.thumbnailproduct_0.addproducttobasket/100267?t:ac=492"],["addProductToShoppingList_105","forceAjax","/rayon.productgridorlist.productlist_1.thumbnailproduct_0.addproducttoshoppinglist/100267?t:ac=492"],["addProductToBasket_61","forceAjax","/rayon.productgridorlist.productlist_1.thumbnailproduct_0.addproducttobasket/7408?t:ac=492"],["addProductToShoppingList_106","forceAjax","/rayon.productgridorlist.productlist_1.thumbnailproduct_0.addproducttoshoppinglist/7408?t:ac=492"],["addProductToShoppingList_107","forceAjax","/rayon.productgridorlist.productlist_1.thumbnailproduct_0.addproducttoshoppinglist/2446?t:ac=492"],["addProductToBasket_62","forceAjax","/rayon.productgridorlist.productlist_1.thumbnailproduct_0.addproducttobasket/1922?t:ac=492"],["addProductToShoppingList_108","forceAjax","/rayon.productgridorlist.productlist_1.thumbnailproduct_0.addproducttoshoppinglist/1922?t:ac=492"],["addProductToBasket_63","forceAjax","/rayon.productgridorlist.productlist_1.thumbnailproduct_0.addproducttobasket/60300?t:ac=492"],["addProductToShoppingList_109","forceAjax","/rayon.productgridorlist.productlist_1.thumbnailproduct_0.addproducttoshoppinglist/60300?t:ac=492"],["addProductToShoppingList_110","forceAjax","/rayon.productgridorlist.productlist_1.thumbnailproduct_0.addproducttoshoppinglist/37280?t:ac=492"],["addProductToBasket_64","forceAjax","/rayon.productgridorlist.productlist_1.thumbnailproduct_0.addproducttobasket/38197?t:ac=492"],["addProductToShoppingList_111","forceAjax","/rayon.productgridorlist.productlist_1.thumbnailproduct_0.addproducttoshoppinglist/38197?t:ac=492"],["addProductToShoppingList_112","forceAjax","/rayon.productgridorlist.productlist_1.thumbnailproduct_0.addproducttoshoppinglist/2384?t:ac=492"],["addProductToShoppingList_113","forceAjax","/rayon.productgridorlist.productlist_1.thumbnailproduct_0.addproducttoshoppinglist/45660?t:ac=492"],["addProductToShoppingList_114","forceAjax","/rayon.productgridorlist.productlist_1.thumbnailproduct_0.addproducttoshoppinglist/57525?t:ac=492"],["addProductToShoppingList_115","forceAjax","/rayon.productgridorlist.productlist_1.thumbnailproduct_0.addproducttoshoppinglist/58082?t:ac=492"],["addProductToBasket_65","forceAjax","/rayon.productgridorlist.productlist_1.thumbnailproduct_0.addproducttobasket/41176?t:ac=492"],["addProductToShoppingList_116","forceAjax","/rayon.productgridorlist.productlist_1.thumbnailproduct_0.addproducttoshoppinglist/41176?t:ac=492"],["addProductToBasket_66","forceAjax","/rayon.productgridorlist.productlist_1.thumbnailproduct_0.addproducttobasket/45436?t:ac=492"],["addProductToShoppingList_117","forceAjax","/rayon.productgridorlist.productlist_1.thumbnailproduct_0.addproducttoshoppinglist/45436?t:ac=492"],["addProductToBasket_67","forceAjax","/rayon.productgridorlist.productlist_1.thumbnailproduct_0.addproducttobasket/32557?t:ac=492"],["addProductToShoppingList_118","forceAjax","/rayon.productgridorlist.productlist_1.thumbnailproduct_0.addproducttoshoppinglist/32557?t:ac=492"],["addProductToBasket_68","forceAjax","/rayon.productgridorlist.productlist_1.thumbnailproduct_0.addproducttobasket/55817?t:ac=492"],["addProductToShoppingList_119","forceAjax","/rayon.productgridorlist.productlist_1.thumbnailproduct_0.addproducttoshoppinglist/55817?t:ac=492"],["addProductToBasket_69","forceAjax","/rayon.productgridorlist.productlist_1.thumbnailproduct_0.addproducttobasket/2131?t:ac=492"],["addProductToShoppingList_120","forceAjax","/rayon.productgridorlist.productlist_1.thumbnailproduct_0.addproducttoshoppinglist/2131?t:ac=492"],["addProductToBasket_70","forceAjax","/rayon.productgridorlist.productlist_1.thumbnailproduct_0.addproducttobasket/98462?t:ac=492"],["addProductToShoppingList_121","forceAjax","/rayon.productgridorlist.productlist_1.thumbnailproduct_0.addproducttoshoppinglist/98462?t:ac=492"],["addProductToShoppingList_122","forceAjax","/rayon.productgridorlist.productlist_1.thumbnailproduct_0.addproducttoshoppinglist/98461?t:ac=492"],["addProductToBasket_71","forceAjax","/rayon.productgridorlist.productlist_1.thumbnailproduct_0.addproducttobasket/1328?t:ac=492"],["addProductToShoppingList_123","forceAjax","/rayon.productgridorlist.productlist_1.thumbnailproduct_0.addproducttoshoppinglist/1328?t:ac=492"],["addProductToBasket_72","forceAjax","/rayon.productgridorlist.productlist_1.thumbnailproduct_0.addproducttobasket/89111?t:ac=492"],["addProductToShoppingList_124","forceAjax","/rayon.productgridorlist.productlist_1.thumbnailproduct_0.addproducttoshoppinglist/89111?t:ac=492"],["addProductToBasket_73","forceAjax","/rayon.productgridorlist.productlist_1.thumbnailproduct_0.addproducttobasket/101002?t:ac=492"],["addProductToShoppingList_125","forceAjax","/rayon.productgridorlist.productlist_1.thumbnailproduct_0.addproducttoshoppinglist/101002?t:ac=492"],["addProductToBasket_74","forceAjax","/rayon.productgridorlist.productlist_1.thumbnailproduct_0.addproducttobasket/100069?t:ac=492"],["addProductToShoppingList_126","forceAjax","/rayon.productgridorlist.productlist_1.thumbnailproduct_0.addproducttoshoppinglist/100069?t:ac=492"],["addProductToBasket_75","forceAjax","/rayon.productgridorlist.productlist_1.thumbnailproduct_0.addproducttobasket/31907?t:ac=492"],["addProductToShoppingList_127","forceAjax","/rayon.productgridorlist.productlist_1.thumbnailproduct_0.addproducttoshoppinglist/31907?t:ac=492"],["addProductToBasket_76","forceAjax","/rayon.productgridorlist.productlist_1.thumbnailproduct_0.addproducttobasket/74486?t:ac=492"],["addProductToShoppingList_128","forceAjax","/rayon.productgridorlist.productlist_1.thumbnailproduct_0.addproducttoshoppinglist/74486?t:ac=492"],["addProductToShoppingList_129","forceAjax","/rayon.productgridorlist.productlist_1.thumbnailproduct_0.addproducttoshoppinglist/30088?t:ac=492"],["addProductToBasket_77","forceAjax","/rayon.productgridorlist.productlist_1.thumbnailproduct_0.addproducttobasket/41079?t:ac=492"],["addProductToShoppingList_130","forceAjax","/rayon.productgridorlist.productlist_1.thumbnailproduct_0.addproducttoshoppinglist/41079?t:ac=492"],["addProductToShoppingList_131","forceAjax","/rayon.productgridorlist.productlist_1.thumbnailproduct_0.addproducttoshoppinglist/56440?t:ac=492"],["addProductToBasket_78","forceAjax","/rayon.productgridorlist.productlist_1.thumbnailproduct_0.addproducttobasket/33707?t:ac=492"],["addProductToShoppingList_132","forceAjax","/rayon.productgridorlist.productlist_1.thumbnailproduct_0.addproducttoshoppinglist/33707?t:ac=492"],["addProductToShoppingList_133","forceAjax","/rayon.productgridorlist.productlist_1.thumbnailproduct_0.addproducttoshoppinglist/46679?t:ac=492"],["addProductToShoppingList_134","forceAjax","/rayon.productgridorlist.productlist_1.thumbnailproduct_0.addproducttoshoppinglist/1941?t:ac=492"],["addProductToBasket_79","forceAjax","/rayon.productgridorlist.productlist_1.thumbnailproduct_0.addproducttobasket/29710?t:ac=492"],["addProductToShoppingList_135","forceAjax","/rayon.productgridorlist.productlist_1.thumbnailproduct_0.addproducttoshoppinglist/29710?t:ac=492"],["addProductToBasket_80","forceAjax","/rayon.productgridorlist.productlist_1.thumbnailproduct_0.addproducttobasket/13990?t:ac=492"],["addProductToShoppingList_136","forceAjax","/rayon.productgridorlist.productlist_1.thumbnailproduct_0.addproducttoshoppinglist/13990?t:ac=492"],["addProductToBasket_81","forceAjax","/rayon.productgridorlist.productlist_1.thumbnailproduct_0.addproducttobasket/2326?t:ac=492"],["addProductToShoppingList_137","forceAjax","/rayon.productgridorlist.productlist_1.thumbnailproduct_0.addproducttoshoppinglist/2326?t:ac=492"],["addProductToShoppingList_138","forceAjax","/rayon.productgridorlist.productlist_1.thumbnailproduct_0.addproducttoshoppinglist/105095?t:ac=492"],["addProductToBasket_82","forceAjax","/rayon.productgridorlist.productlist_1.thumbnailproduct_0.addproducttobasket/105238?t:ac=492"],["addProductToShoppingList_139","forceAjax","/rayon.productgridorlist.productlist_1.thumbnailproduct_0.addproducttoshoppinglist/105238?t:ac=492"],["addProductToBasket_83","forceAjax","/rayon.productgridorlist.productlist_1.thumbnailproduct_0.addproducttobasket/105236?t:ac=492"],["addProductToShoppingList_140","forceAjax","/rayon.productgridorlist.productlist_1.thumbnailproduct_0.addproducttoshoppinglist/105236?t:ac=492"],["addProductToBasket_84","forceAjax","/rayon.productgridorlist.productlist_1.thumbnailproduct_0.addproducttobasket/105237?t:ac=492"],["addProductToShoppingList_141","forceAjax","/rayon.productgridorlist.productlist_1.thumbnailproduct_0.addproducttoshoppinglist/105237?t:ac=492"],["addProductToBasket_85","forceAjax","/rayon.productgridorlist.productlist_1.thumbnailproduct_0.addproducttobasket/100388?t:ac=492"],["addProductToShoppingList_142","forceAjax","/rayon.productgridorlist.productlist_1.thumbnailproduct_0.addproducttoshoppinglist/100388?t:ac=492"],["addProductToBasket_86","forceAjax","/rayon.productgridorlist.productlist_1.thumbnailproduct_0.addproducttobasket/55400?t:ac=492"],["addProductToShoppingList_143","forceAjax","/rayon.productgridorlist.productlist_1.thumbnailproduct_0.addproducttoshoppinglist/55400?t:ac=492"],["addProductToShoppingList_144","forceAjax","/rayon.productgridorlist.productlist_1.thumbnailproduct_0.addproducttoshoppinglist/58154?t:ac=492"],["addProductToBasket_87","forceAjax","/rayon.productgridorlist.productlist_1.thumbnailproduct_0.addproducttobasket/42235?t:ac=492"],["addProductToShoppingList_145","forceAjax","/rayon.productgridorlist.productlist_1.thumbnailproduct_0.addproducttoshoppinglist/42235?t:ac=492"],["addProductToBasket_88","forceAjax","/rayon.productgridorlist.productlist_1.thumbnailproduct_0.addproducttobasket/18427?t:ac=492"],["addProductToShoppingList_146","forceAjax","/rayon.productgridorlist.productlist_1.thumbnailproduct_0.addproducttoshoppinglist/18427?t:ac=492"],["addProductToBasket_89","forceAjax","/rayon.productgridorlist.productlist_1.thumbnailproduct_0.addproducttobasket/100389?t:ac=492"],["addProductToShoppingList_147","forceAjax","/rayon.productgridorlist.productlist_1.thumbnailproduct_0.addproducttoshoppinglist/100389?t:ac=492"],["addProductToBasket_90","forceAjax","/rayon.productgridorlist.productlist_1.thumbnailproduct_0.addproducttobasket/58796?t:ac=492"],["addProductToShoppingList_148","forceAjax","/rayon.productgridorlist.productlist_1.thumbnailproduct_0.addproducttoshoppinglist/58796?t:ac=492"],["addProductToShoppingList_149","forceAjax","/rayon.productgridorlist.productlist_1.thumbnailproduct_0.addproducttoshoppinglist/34044?t:ac=492"],["addProductToShoppingList_150","forceAjax","/rayon.productgridorlist.productlist_1.thumbnailproduct_0.addproducttoshoppinglist/22772?t:ac=492"],["addProductToBasket_91","forceAjax","/rayon.productgridorlist.productlist_1.thumbnailproduct_0.addproducttobasket/7541?t:ac=492"],["addProductToShoppingList_151","forceAjax","/rayon.productgridorlist.productlist_1.thumbnailproduct_0.addproducttoshoppinglist/7541?t:ac=492"],["addProductToBasket_92","forceAjax","/rayon.productgridorlist.productlist_1.thumbnailproduct_0.addproducttobasket/44596?t:ac=492"],["addProductToShoppingList_152","forceAjax","/rayon.productgridorlist.productlist_1.thumbnailproduct_0.addproducttoshoppinglist/44596?t:ac=492"],["addProductToShoppingList_153","forceAjax","/rayon.productgridorlist.productlist_1.thumbnailproduct_0.addproducttoshoppinglist/22776?t:ac=492"],["addProductToBasket_93","forceAjax","/rayon.productgridorlist.productlist_1.thumbnailproduct_0.addproducttobasket/33680?t:ac=492"],["addProductToShoppingList_154","forceAjax","/rayon.productgridorlist.productlist_1.thumbnailproduct_0.addproducttoshoppinglist/33680?t:ac=492"],["addProductToBasket_94","forceAjax","/rayon.productgridorlist.productlist_1.thumbnailproduct_0.addproducttobasket/32761?t:ac=492"],["addProductToShoppingList_155","forceAjax","/rayon.productgridorlist.productlist_1.thumbnailproduct_0.addproducttoshoppinglist/32761?t:ac=492"],["addProductToBasket_95","forceAjax","/rayon.productgridorlist.productlist_1.thumbnailproduct_0.addproducttobasket/55758?t:ac=492"],["addProductToShoppingList_156","forceAjax","/rayon.productgridorlist.productlist_1.thumbnailproduct_0.addproducttoshoppinglist/55758?t:ac=492"],["addProductToShoppingList_157","forceAjax","/rayon.productgridorlist.productlist_1.thumbnailproduct_0.addproducttoshoppinglist/94657?t:ac=492"],["addProductToBasket_96","forceAjax","/rayon.productgridorlist.productlist_1.thumbnailproduct_0.addproducttobasket/40812?t:ac=492"],["addProductToShoppingList_158","forceAjax","/rayon.productgridorlist.productlist_1.thumbnailproduct_0.addproducttoshoppinglist/40812?t:ac=492"],["addProductToShoppingList_159","forceAjax","/rayon.productgridorlist.productlist_1.thumbnailproduct_0.addproducttoshoppinglist/43781?t:ac=492"],["addProductToBasket_97","forceAjax","/rayon.productgridorlist.productlist_1.thumbnailproduct_0.addproducttobasket/47589?t:ac=492"],["addProductToShoppingList_160","forceAjax","/rayon.productgridorlist.productlist_1.thumbnailproduct_0.addproducttoshoppinglist/47589?t:ac=492"],["addProductToBasket_98","forceAjax","/rayon.productgridorlist.productlist_1.thumbnailproduct_0.addproducttobasket/59968?t:ac=492"],["addProductToShoppingList_161","forceAjax","/rayon.productgridorlist.productlist_1.thumbnailproduct_0.addproducttoshoppinglist/59968?t:ac=492"],["addProductToBasket_99","forceAjax","/rayon.productgridorlist.productlist_1.thumbnailproduct_0.addproducttobasket/1925?t:ac=492"],["addProductToShoppingList_162","forceAjax","/rayon.productgridorlist.productlist_1.thumbnailproduct_0.addproducttoshoppinglist/1925?t:ac=492"],["addProductToBasket_100","forceAjax","/rayon.productgridorlist.productlist_1.thumbnailproduct_0.addproducttobasket/47609?t:ac=492"],["addProductToShoppingList_163","forceAjax","/rayon.productgridorlist.productlist_1.thumbnailproduct_0.addproducttoshoppinglist/47609?t:ac=492"],["addProductToBasket_101","forceAjax","/rayon.productgridorlist.productlist_1.thumbnailproduct_0.addproducttobasket/16765?t:ac=492"],["addProductToShoppingList_164","forceAjax","/rayon.productgridorlist.productlist_1.thumbnailproduct_0.addproducttoshoppinglist/16765?t:ac=492"],["addProductToBasket_102","forceAjax","/rayon.productgridorlist.productlist_1.thumbnailproduct_0.addproducttobasket/33348?t:ac=492"],["addProductToShoppingList_165","forceAjax","/rayon.productgridorlist.productlist_1.thumbnailproduct_0.addproducttoshoppinglist/33348?t:ac=492"],["addProductToBasket_103","forceAjax","/rayon.productgridorlist.productlist_1.thumbnailproduct_0.addproducttobasket/26558?t:ac=492"],["addProductToShoppingList_166","forceAjax","/rayon.productgridorlist.productlist_1.thumbnailproduct_0.addproducttoshoppinglist/26558?t:ac=492"],["addProductToBasket_104","forceAjax","/rayon.productgridorlist.productlist_1.thumbnailproduct_0.addproducttobasket/46296?t:ac=492"],["addProductToShoppingList_167","forceAjax","/rayon.productgridorlist.productlist_1.thumbnailproduct_0.addproducttoshoppinglist/46296?t:ac=492"],["addProductToBasket_105","forceAjax","/rayon.productgridorlist.productlist_1.thumbnailproduct_0.addproducttobasket/33341?t:ac=492"],["addProductToShoppingList_168","forceAjax","/rayon.productgridorlist.productlist_1.thumbnailproduct_0.addproducttoshoppinglist/33341?t:ac=492"],["addProductToBasket_106","forceAjax","/rayon.productgridorlist.productlist_1.thumbnailproduct_0.addproducttobasket/98110?t:ac=492"],["addProductToShoppingList_169","forceAjax","/rayon.productgridorlist.productlist_1.thumbnailproduct_0.addproducttoshoppinglist/98110?t:ac=492"],["addProductToBasket_107","forceAjax","/rayon.productgridorlist.productlist_1.thumbnailproduct_0.addproducttobasket/41256?t:ac=492"],["addProductToShoppingList_170","forceAjax","/rayon.productgridorlist.productlist_1.thumbnailproduct_0.addproducttoshoppinglist/41256?t:ac=492"],["addProductToBasket_108","forceAjax","/rayon.productgridorlist.productlist_1.thumbnailproduct_0.addproducttobasket/57240?t:ac=492"],["addProductToShoppingList_171","forceAjax","/rayon.productgridorlist.productlist_1.thumbnailproduct_0.addproducttoshoppinglist/57240?t:ac=492"],["addProductToBasket_109","forceAjax","/rayon.productgridorlist.productlist_1.thumbnailproduct_0.addproducttobasket/55756?t:ac=492"],["addProductToShoppingList_172","forceAjax","/rayon.productgridorlist.productlist_1.thumbnailproduct_0.addproducttoshoppinglist/55756?t:ac=492"],["addProductToBasket_110","forceAjax","/rayon.productgridorlist.productlist_1.thumbnailproduct_0.addproducttobasket/61589?t:ac=492"],["addProductToShoppingList_173","forceAjax","/rayon.productgridorlist.productlist_1.thumbnailproduct_0.addproducttoshoppinglist/61589?t:ac=492"],["addProductToBasket_111","forceAjax","/rayon.productgridorlist.productlist_1.thumbnailproduct_0.addproducttobasket/57241?t:ac=492"],["addProductToShoppingList_174","forceAjax","/rayon.productgridorlist.productlist_1.thumbnailproduct_0.addproducttoshoppinglist/57241?t:ac=492"],["addProductToBasket_112","forceAjax","/rayon.productgridorlist.productlist_1.thumbnailproduct_0.addproducttobasket/57243?t:ac=492"],["addProductToShoppingList_175","forceAjax","/rayon.productgridorlist.productlist_1.thumbnailproduct_0.addproducttoshoppinglist/57243?t:ac=492"],["addProductToBasket_113","forceAjax","/rayon.productgridorlist.productlist_1.thumbnailproduct_0.addproducttobasket/39852?t:ac=492"],["addProductToShoppingList_176","forceAjax","/rayon.productgridorlist.productlist_1.thumbnailproduct_0.addproducttoshoppinglist/39852?t:ac=492"],["addProductToShoppingList_177","forceAjax","/rayon.productgridorlist.productlist_1.thumbnailproduct_0.addproducttoshoppinglist/33342?t:ac=492"],["addProductToShoppingList_178","forceAjax","/rayon.productgridorlist.productlist_1.thumbnailproduct_0.addproducttoshoppinglist/33344?t:ac=492"],["addProductToShoppingList_179","forceAjax","/rayon.productgridorlist.productlist_1.thumbnailproduct_0.addproducttoshoppinglist/42939?t:ac=492"],["addProductToBasket_114","forceAjax","/rayon.productgridorlist.productlist_1.thumbnailproduct_0.addproducttobasket/7549?t:ac=492"],["addProductToShoppingList_180","forceAjax","/rayon.productgridorlist.productlist_1.thumbnailproduct_0.addproducttoshoppinglist/7549?t:ac=492"],["addProductToBasket_115","forceAjax","/rayon.productgridorlist.productlist_1.thumbnailproduct_0.addproducttobasket/46550?t:ac=492"],["addProductToShoppingList_181","forceAjax","/rayon.productgridorlist.productlist_1.thumbnailproduct_0.addproducttoshoppinglist/46550?t:ac=492"],["addProductToBasket_116","forceAjax","/rayon.productgridorlist.productlist_1.thumbnailproduct_0.addproducttobasket/58716?t:ac=492"],["addProductToShoppingList_182","forceAjax","/rayon.productgridorlist.productlist_1.thumbnailproduct_0.addproducttoshoppinglist/58716?t:ac=492"],["addProductToBasket_117","forceAjax","/rayon.productgridorlist.productlist_1.thumbnailproduct_0.addproducttobasket/58715?t:ac=492"],["addProductToShoppingList_183","forceAjax","/rayon.productgridorlist.productlist_1.thumbnailproduct_0.addproducttoshoppinglist/58715?t:ac=492"],["addProductToBasket_118","forceAjax","/rayon.productgridorlist.productlist_1.thumbnailproduct_0.addproducttobasket/58714?t:ac=492"],["addProductToShoppingList_184","forceAjax","/rayon.productgridorlist.productlist_1.thumbnailproduct_0.addproducttoshoppinglist/58714?t:ac=492"],["addProductToBasket_119","forceAjax","/rayon.productgridorlist.productlist_1.thumbnailproduct_0.addproducttobasket/97556?t:ac=492"],["addProductToShoppingList_185","forceAjax","/rayon.productgridorlist.productlist_1.thumbnailproduct_0.addproducttoshoppinglist/97556?t:ac=492"],["addProductToBasket_120","forceAjax","/rayon.productgridorlist.productlist_1.thumbnailproduct_0.addproducttobasket/97563?t:ac=492"],["addProductToShoppingList_186","forceAjax","/rayon.productgridorlist.productlist_1.thumbnailproduct_0.addproducttoshoppinglist/97563?t:ac=492"],["addProductToBasket_121","forceAjax","/rayon.productgridorlist.productlist_1.thumbnailproduct_0.addproducttobasket/97578?t:ac=492"],["addProductToShoppingList_187","forceAjax","/rayon.productgridorlist.productlist_1.thumbnailproduct_0.addproducttoshoppinglist/97578?t:ac=492"],["addProductToBasket_122","forceAjax","/rayon.productgridorlist.productlist_1.thumbnailproduct_0.addproducttobasket/47377?t:ac=492"],["addProductToShoppingList_188","forceAjax","/rayon.productgridorlist.productlist_1.thumbnailproduct_0.addproducttoshoppinglist/47377?t:ac=492"],["addProductToBasket_123","forceAjax","/rayon.productgridorlist.productlist_1.thumbnailproduct_0.addproducttobasket/95817?t:ac=492"],["addProductToShoppingList_189","forceAjax","/rayon.productgridorlist.productlist_1.thumbnailproduct_0.addproducttoshoppinglist/95817?t:ac=492"],["addProductToBasket_124","forceAjax","/rayon.productgridorlist.productlist_1.thumbnailproduct_0.addproducttobasket/97579?t:ac=492"],["addProductToShoppingList_190","forceAjax","/rayon.productgridorlist.productlist_1.thumbnailproduct_0.addproducttoshoppinglist/97579?t:ac=492"],["addProductToBasket_125","forceAjax","/rayon.productgridorlist.productlist_1.thumbnailproduct_0.addproducttobasket/94918?t:ac=492"],["addProductToShoppingList_191","forceAjax","/rayon.productgridorlist.productlist_1.thumbnailproduct_0.addproducttoshoppinglist/94918?t:ac=492"],["addProductToBasket_126","forceAjax","/rayon.productgridorlist.productlist_1.thumbnailproduct_0.addproducttobasket/97580?t:ac=492"],["addProductToShoppingList_192","forceAjax","/rayon.productgridorlist.productlist_1.thumbnailproduct_0.addproducttoshoppinglist/97580?t:ac=492"],["addProductToBasket_127","forceAjax","/rayon.productgridorlist.productlist_1.thumbnailproduct_0.addproducttobasket/97581?t:ac=492"],["addProductToShoppingList_193","forceAjax","/rayon.productgridorlist.productlist_1.thumbnailproduct_0.addproducttoshoppinglist/97581?t:ac=492"],["addProductToBasket_128","forceAjax","/rayon.productgridorlist.productlist_1.thumbnailproduct_0.addproducttobasket/59502?t:ac=492"],["addProductToShoppingList_194","forceAjax","/rayon.productgridorlist.productlist_1.thumbnailproduct_0.addproducttoshoppinglist/59502?t:ac=492"],["addProductToShoppingList_195","forceAjax","/rayon.productgridorlist.productlist_1.thumbnailproduct_0.addproducttoshoppinglist/42537?t:ac=492"],["addProductToBasket_129","forceAjax","/rayon.productgridorlist.productlist_1.thumbnailproduct_0.addproducttobasket/15586?t:ac=492"],["addProductToShoppingList_196","forceAjax","/rayon.productgridorlist.productlist_1.thumbnailproduct_0.addproducttoshoppinglist/15586?t:ac=492"],["addProductToBasket_130","forceAjax","/rayon.productgridorlist.productlist_1.thumbnailproduct_0.addproducttobasket/23690?t:ac=492"],["addProductToShoppingList_197","forceAjax","/rayon.productgridorlist.productlist_1.thumbnailproduct_0.addproducttoshoppinglist/23690?t:ac=492"],["addProductToBasket_131","forceAjax","/rayon.productgridorlist.productlist_1.thumbnailproduct_0.addproducttobasket/18225?t:ac=492"],["addProductToShoppingList_198","forceAjax","/rayon.productgridorlist.productlist_1.thumbnailproduct_0.addproducttoshoppinglist/18225?t:ac=492"],["addProductToBasket_132","forceAjax","/rayon.productgridorlist.productlist_1.thumbnailproduct_0.addproducttobasket/1317?t:ac=492"],["addProductToShoppingList_199","forceAjax","/rayon.productgridorlist.productlist_1.thumbnailproduct_0.addproducttoshoppinglist/1317?t:ac=492"],["addProductToShoppingList_200","forceAjax","/rayon.productgridorlist.productlist_1.thumbnailproduct_0.addproducttoshoppinglist/23889?t:ac=492"],["addProductToBasket_133","forceAjax","/rayon.productgridorlist.productlist_1.thumbnailproduct_0.addproducttobasket/1503?t:ac=492"],["addProductToShoppingList_201","forceAjax","/rayon.productgridorlist.productlist_1.thumbnailproduct_0.addproducttoshoppinglist/1503?t:ac=492"],["addProductToShoppingList_202","forceAjax","/rayon.productgridorlist.productlist_1.thumbnailproduct_0.addproducttoshoppinglist/46587?t:ac=492"],["addProductToShoppingList_203","forceAjax","/rayon.productgridorlist.productlist_1.thumbnailproduct_0.addproducttoshoppinglist/7704?t:ac=492"],["addProductToShoppingList_204","forceAjax","/rayon.productgridorlist.productlist_1.thumbnailproduct_0.addproducttoshoppinglist/61019?t:ac=492"],["addProductToShoppingList_205","forceAjax","/rayon.productgridorlist.productlist_1.thumbnailproduct_0.addproducttoshoppinglist/75663?t:ac=492"],["addProductToShoppingList_206","forceAjax","/rayon.productgridorlist.productlist_1.thumbnailproduct_0.addproducttoshoppinglist/30889?t:ac=492"],["addProductToShoppingList_207","forceAjax","/rayon.productgridorlist.productlist_1.thumbnailproduct_0.addproducttoshoppinglist/50264?t:ac=492"],["addProductToBasket_134","forceAjax","/rayon.productgridorlist.productlist_1.thumbnailproduct_0.addproducttobasket/19950?t:ac=492"],["addProductToShoppingList_208","forceAjax","/rayon.productgridorlist.productlist_1.thumbnailproduct_0.addproducttoshoppinglist/19950?t:ac=492"],["addProductToShoppingList_209","forceAjax","/rayon.productgridorlist.productlist_1.thumbnailproduct_0.addproducttoshoppinglist/19892?t:ac=492"],["addProductToShoppingList_210","forceAjax","/rayon.productgridorlist.productlist_1.thumbnailproduct_0.addproducttoshoppinglist/60390?t:ac=492"],["addProductToShoppingList_211","forceAjax","/rayon.productgridorlist.productlist_1.thumbnailproduct_0.addproducttoshoppinglist/19971?t:ac=492"],["addProductToBasket_135","forceAjax","/rayon.productgridorlist.productlist_1.thumbnailproduct_0.addproducttobasket/45347?t:ac=492"],["addProductToShoppingList_212","forceAjax","/rayon.productgridorlist.productlist_1.thumbnailproduct_0.addproducttoshoppinglist/45347?t:ac=492"],["addProductToBasket_136","forceAjax","/rayon.productgridorlist.productlist_1.thumbnailproduct_0.addproducttobasket/56805?t:ac=492"],["addProductToShoppingList_213","forceAjax","/rayon.productgridorlist.productlist_1.thumbnailproduct_0.addproducttoshoppinglist/56805?t:ac=492"],["addProductToShoppingList_214","forceAjax","/rayon.productgridorlist.productlist_1.thumbnailproduct_0.addproducttoshoppinglist/47734?t:ac=492"],["addProductToShoppingList_215","forceAjax","/rayon.productgridorlist.productlist_1.thumbnailproduct_0.addproducttoshoppinglist/18922?t:ac=492"],["addProductToShoppingList_216","forceAjax","/rayon.productgridorlist.productlist_1.thumbnailproduct_0.addproducttoshoppinglist/47735?t:ac=492"],["addProductToShoppingList_217","forceAjax","/rayon.productgridorlist.productlist_1.thumbnailproduct_0.addproducttoshoppinglist/42248?t:ac=492"],["addProductToBasket_137","forceAjax","/rayon.productgridorlist.productlist_1.thumbnailproduct_0.addproducttobasket/44937?t:ac=492"],["addProductToShoppingList_218","forceAjax","/rayon.productgridorlist.productlist_1.thumbnailproduct_0.addproducttoshoppinglist/44937?t:ac=492"],["addProductToShoppingList_219","forceAjax","/rayon.productgridorlist.productlist_1.thumbnailproduct_0.addproducttoshoppinglist/47733?t:ac=492"],["addProductToShoppingList_220","forceAjax","/rayon.productgridorlist.productlist_1.thumbnailproduct_0.addproducttoshoppinglist/47843?t:ac=492"],["addProductToShoppingList_221","forceAjax","/rayon.productgridorlist.productlist_1.thumbnailproduct_0.addproducttoshoppinglist/43726?t:ac=492"],["addProductToBasket_138","forceAjax","/rayon.productgridorlist.productlist_1.thumbnailproduct_0.addproducttobasket/56710?t:ac=492"],["addProductToShoppingList_222","forceAjax","/rayon.productgridorlist.productlist_1.thumbnailproduct_0.addproducttoshoppinglist/56710?t:ac=492"],["addProductToBasket_139","forceAjax","/rayon.productgridorlist.productlist_1.thumbnailproduct_0.addproducttobasket/47823?t:ac=492"],["addProductToShoppingList_223","forceAjax","/rayon.productgridorlist.productlist_1.thumbnailproduct_0.addproducttoshoppinglist/47823?t:ac=492"],["addProductToShoppingList_224","forceAjax","/rayon.productgridorlist.productlist_1.thumbnailproduct_0.addproducttoshoppinglist/59445?t:ac=492"],["addProductToShoppingList_225","forceAjax","/rayon.productgridorlist.productlist_1.thumbnailproduct_0.addproducttoshoppinglist/42511?t:ac=492"],["addProductToShoppingList_226","forceAjax","/rayon.productgridorlist.productlist_1.thumbnailproduct_0.addproducttoshoppinglist/40195?t:ac=492"],["addProductToShoppingList_227","forceAjax","/rayon.productgridorlist.productlist_1.thumbnailproduct_0.addproducttoshoppinglist/2861?t:ac=492"],["addProductToBasket_140","forceAjax","/rayon.productgridorlist.productlist_1.thumbnailproduct_0.addproducttobasket/2912?t:ac=492"],["addProductToShoppingList_228","forceAjax","/rayon.productgridorlist.productlist_1.thumbnailproduct_0.addproducttoshoppinglist/2912?t:ac=492"],["addProductToShoppingList_229","forceAjax","/rayon.productgridorlist.productlist_1.thumbnailproduct_0.addproducttoshoppinglist/18104?t:ac=492"],["addProductToBasket_141","forceAjax","/rayon.productgridorlist.productlist_1.thumbnailproduct_0.addproducttobasket/21698?t:ac=492"],["addProductToShoppingList_230","forceAjax","/rayon.productgridorlist.productlist_1.thumbnailproduct_0.addproducttoshoppinglist/21698?t:ac=492"],["addProductToBasket_142","forceAjax","/rayon.productgridorlist.productlist_1.thumbnailproduct_0.addproducttobasket/60498?t:ac=492"],["addProductToShoppingList_231","forceAjax","/rayon.productgridorlist.productlist_1.thumbnailproduct_0.addproducttoshoppinglist/60498?t:ac=492"],["addProductToShoppingList_232","forceAjax","/rayon.productgridorlist.productlist_1.thumbnailproduct_0.addproducttoshoppinglist/31903?t:ac=492"],["addProductToBasket_143","forceAjax","/rayon.productgridorlist.productlist_1.thumbnailproduct_0.addproducttobasket/31904?t:ac=492"],["addProductToShoppingList_233","forceAjax","/rayon.productgridorlist.productlist_1.thumbnailproduct_0.addproducttoshoppinglist/31904?t:ac=492"],["addProductToBasket_144","forceAjax","/rayon.productgridorlist.productlist_1.thumbnailproduct_0.addproducttobasket/31906?t:ac=492"],["addProductToShoppingList_234","forceAjax","/rayon.productgridorlist.productlist_1.thumbnailproduct_0.addproducttoshoppinglist/31906?t:ac=492"],["addProductToBasket_145","forceAjax","/rayon.productgridorlist.productlist_1.thumbnailproduct_0.addproducttobasket/2908?t:ac=492"],["addProductToShoppingList_235","forceAjax","/rayon.productgridorlist.productlist_1.thumbnailproduct_0.addproducttoshoppinglist/2908?t:ac=492"],["addProductToShoppingList_236","forceAjax","/rayon.productgridorlist.productlist_1.thumbnailproduct_0.addproducttoshoppinglist/88994?t:ac=492"],["addProductToBasket_146","forceAjax","/rayon.productgridorlist.productlist_1.thumbnailproduct_0.addproducttobasket/77729?t:ac=492"],["addProductToShoppingList_237","forceAjax","/rayon.productgridorlist.productlist_1.thumbnailproduct_0.addproducttoshoppinglist/77729?t:ac=492"],["addProductToBasket_147","forceAjax","/rayon.productgridorlist.productlist_1.thumbnailproduct_0.addproducttobasket/5501?t:ac=492"],["addProductToShoppingList_238","forceAjax","/rayon.productgridorlist.productlist_1.thumbnailproduct_0.addproducttoshoppinglist/5501?t:ac=492"],["addProductToBasket_148","forceAjax","/rayon.productgridorlist.productlist_1.thumbnailproduct_0.addproducttobasket/100379?t:ac=492"],["addProductToShoppingList_239","forceAjax","/rayon.productgridorlist.productlist_1.thumbnailproduct_0.addproducttoshoppinglist/100379?t:ac=492"],["addProductToBasket_149","forceAjax","/rayon.productgridorlist.productlist_1.thumbnailproduct_0.addproducttobasket/100380?t:ac=492"],["addProductToShoppingList_240","forceAjax","/rayon.productgridorlist.productlist_1.thumbnailproduct_0.addproducttoshoppinglist/100380?t:ac=492"],["addProductToBasket_150","forceAjax","/rayon.productgridorlist.productlist_1.thumbnailproduct_0.addproducttobasket/40441?t:ac=492"],["addProductToShoppingList_241","forceAjax","/rayon.productgridorlist.productlist_1.thumbnailproduct_0.addproducttoshoppinglist/40441?t:ac=492"],["addProductToBasket_151","forceAjax","/rayon.productgridorlist.productlist_1.thumbnailproduct_0.addproducttobasket/40442?t:ac=492"],["addProductToShoppingList_242","forceAjax","/rayon.productgridorlist.productlist_1.thumbnailproduct_0.addproducttoshoppinglist/40442?t:ac=492"],["addProductToBasket_152","forceAjax","/rayon.productgridorlist.productlist_1.thumbnailproduct_0.addproducttobasket/76291?t:ac=492"],["addProductToShoppingList_243","forceAjax","/rayon.productgridorlist.productlist_1.thumbnailproduct_0.addproducttoshoppinglist/76291?t:ac=492"],["addProductToBasket_153","forceAjax","/rayon.productgridorlist.productlist_1.thumbnailproduct_0.addproducttobasket/89839?t:ac=492"],["addProductToShoppingList_244","forceAjax","/rayon.productgridorlist.productlist_1.thumbnailproduct_0.addproducttoshoppinglist/89839?t:ac=492"],["addProductToShoppingList_245","forceAjax","/rayon.productgridorlist.productlist_1.thumbnailproduct_0.addproducttoshoppinglist/57516?t:ac=492"],["addProductToBasket_154","forceAjax","/rayon.productgridorlist.productlist_1.thumbnailproduct_0.addproducttobasket/57523?t:ac=492"],["addProductToShoppingList_246","forceAjax","/rayon.productgridorlist.productlist_1.thumbnailproduct_0.addproducttoshoppinglist/57523?t:ac=492"],["addProductToBasket_155","forceAjax","/rayon.productgridorlist.productlist_1.thumbnailproduct_0.addproducttobasket/40398?t:ac=492"],["addProductToShoppingList_247","forceAjax","/rayon.productgridorlist.productlist_1.thumbnailproduct_0.addproducttoshoppinglist/40398?t:ac=492"],["addProductToShoppingList_248","forceAjax","/rayon.productgridorlist.productlist_1.thumbnailproduct_0.addproducttoshoppinglist/41356?t:ac=492"],["addProductToBasket_156","forceAjax","/rayon.productgridorlist.productlist_1.thumbnailproduct_0.addproducttobasket/27902?t:ac=492"],["addProductToShoppingList_249","forceAjax","/rayon.productgridorlist.productlist_1.thumbnailproduct_0.addproducttoshoppinglist/27902?t:ac=492"],["addProductToShoppingList_250","forceAjax","/rayon.productgridorlist.productlist_1.thumbnailproduct_0.addproducttoshoppinglist/55399?t:ac=492"],["addProductToShoppingList_251","forceAjax","/rayon.productgridorlist.productlist_1.thumbnailproduct_0.addproducttoshoppinglist/40399?t:ac=492"],["addProductToBasket_157","forceAjax","/rayon.productgridorlist.productlist_1.thumbnailproduct_0.addproducttobasket/58863?t:ac=492"],["addProductToShoppingList_252","forceAjax","/rayon.productgridorlist.productlist_1.thumbnailproduct_0.addproducttoshoppinglist/58863?t:ac=492"],["addProductToBasket_158","forceAjax","/rayon.productgridorlist.productlist_1.thumbnailproduct_0.addproducttobasket/60393?t:ac=492"],["addProductToShoppingList_253","forceAjax","/rayon.productgridorlist.productlist_1.thumbnailproduct_0.addproducttoshoppinglist/60393?t:ac=492"],["addProductToBasket_159","forceAjax","/rayon.productgridorlist.productlist_1.thumbnailproduct_0.addproducttobasket/44077?t:ac=492"],["addProductToShoppingList_254","forceAjax","/rayon.productgridorlist.productlist_1.thumbnailproduct_0.addproducttoshoppinglist/44077?t:ac=492"],["addProductToShoppingList_255","forceAjax","/rayon.productgridorlist.productlist_1.thumbnailproduct_0.addproducttoshoppinglist/40902?t:ac=492"],["addProductToBasket_160","forceAjax","/rayon.productgridorlist.productlist_1.thumbnailproduct_0.addproducttobasket/7683?t:ac=492"],["addProductToShoppingList_256","forceAjax","/rayon.productgridorlist.productlist_1.thumbnailproduct_0.addproducttoshoppinglist/7683?t:ac=492"],["addProductToBasket_161","forceAjax","/rayon.productgridorlist.productlist_1.thumbnailproduct_0.addproducttobasket/34045?t:ac=492"],["addProductToShoppingList_257","forceAjax","/rayon.productgridorlist.productlist_1.thumbnailproduct_0.addproducttoshoppinglist/34045?t:ac=492"],["addProductToShoppingList_258","forceAjax","/rayon.productgridorlist.productlist_1.thumbnailproduct_0.addproducttoshoppinglist/14248?t:ac=492"],["addProductToBasket_162","forceAjax","/rayon.productgridorlist.productlist_1.thumbnailproduct_0.addproducttobasket/100781?t:ac=492"],["addProductToShoppingList_259","forceAjax","/rayon.productgridorlist.productlist_1.thumbnailproduct_0.addproducttoshoppinglist/100781?t:ac=492"],["addProductToBasket_163","forceAjax","/rayon.productgridorlist.productlist_1.thumbnailproduct_0.addproducttobasket/7347?t:ac=492"],["addProductToShoppingList_260","forceAjax","/rayon.productgridorlist.productlist_1.thumbnailproduct_0.addproducttoshoppinglist/7347?t:ac=492"],["addProductToBasket_164","forceAjax","/rayon.productgridorlist.productlist_1.thumbnailproduct_0.addproducttobasket/101022?t:ac=492"],["addProductToShoppingList_261","forceAjax","/rayon.productgridorlist.productlist_1.thumbnailproduct_0.addproducttoshoppinglist/101022?t:ac=492"],["addProductToBasket_165","forceAjax","/rayon.productgridorlist.productlist_1.thumbnailproduct_0.addproducttobasket/100811?t:ac=492"],["addProductToShoppingList_262","forceAjax","/rayon.productgridorlist.productlist_1.thumbnailproduct_0.addproducttoshoppinglist/100811?t:ac=492"],["addProductToBasket_166","forceAjax","/rayon.productgridorlist.productlist_1.thumbnailproduct_0.addproducttobasket/100808?t:ac=492"],["addProductToShoppingList_263","forceAjax","/rayon.productgridorlist.productlist_1.thumbnailproduct_0.addproducttoshoppinglist/100808?t:ac=492"],["addProductToBasket_167","forceAjax","/rayon.productgridorlist.productlist_1.thumbnailproduct_0.addproducttobasket/1699?t:ac=492"],["addProductToShoppingList_264","forceAjax","/rayon.productgridorlist.productlist_1.thumbnailproduct_0.addproducttoshoppinglist/1699?t:ac=492"],["addProductToBasket_168","forceAjax","/rayon.productgridorlist.productlist_1.thumbnailproduct_0.addproducttobasket/101023?t:ac=492"],["addProductToShoppingList_265","forceAjax","/rayon.productgridorlist.productlist_1.thumbnailproduct_0.addproducttoshoppinglist/101023?t:ac=492"],["addProductToBasket_169","forceAjax","/rayon.productgridorlist.productlist_1.thumbnailproduct_0.addproducttobasket/46606?t:ac=492"],["addProductToShoppingList_266","forceAjax","/rayon.productgridorlist.productlist_1.thumbnailproduct_0.addproducttoshoppinglist/46606?t:ac=492"],["addProductToBasket_170","forceAjax","/rayon.productgridorlist.productlist_1.thumbnailproduct_0.addproducttobasket/89836?t:ac=492"],["addProductToShoppingList_267","forceAjax","/rayon.productgridorlist.productlist_1.thumbnailproduct_0.addproducttoshoppinglist/89836?t:ac=492"],["addProductToBasket_171","forceAjax","/rayon.productgridorlist.productlist_1.thumbnailproduct_0.addproducttobasket/11252?t:ac=492"],["addProductToShoppingList_268","forceAjax","/rayon.productgridorlist.productlist_1.thumbnailproduct_0.addproducttoshoppinglist/11252?t:ac=492"],["addProductToShoppingList_269","forceAjax","/rayon.productgridorlist.productlist_1.thumbnailproduct_0.addproducttoshoppinglist/11250?t:ac=492"],["addProductToBasket_172","forceAjax","/rayon.productgridorlist.productlist_1.thumbnailproduct_0.addproducttobasket/56590?t:ac=492"],["addProductToShoppingList_270","forceAjax","/rayon.productgridorlist.productlist_1.thumbnailproduct_0.addproducttoshoppinglist/56590?t:ac=492"],["addProductToBasket_173","forceAjax","/rayon.productgridorlist.productlist_1.thumbnailproduct_0.addproducttobasket/11254?t:ac=492"],["addProductToShoppingList_271","forceAjax","/rayon.productgridorlist.productlist_1.thumbnailproduct_0.addproducttoshoppinglist/11254?t:ac=492"],["addProductToBasket_174","forceAjax","/rayon.productgridorlist.productlist_1.thumbnailproduct_0.addproducttobasket/56093?t:ac=492"],["addProductToShoppingList_272","forceAjax","/rayon.productgridorlist.productlist_1.thumbnailproduct_0.addproducttoshoppinglist/56093?t:ac=492"],["addProductToShoppingList_273","forceAjax","/rayon.productgridorlist.productlist_1.thumbnailproduct_0.addproducttoshoppinglist/37723?t:ac=492"],["addProductToBasket_175","forceAjax","/rayon.productgridorlist.productlist_1.thumbnailproduct_0.addproducttobasket/43153?t:ac=492"],["addProductToShoppingList_274","forceAjax","/rayon.productgridorlist.productlist_1.thumbnailproduct_0.addproducttoshoppinglist/43153?t:ac=492"],["suggestionPopup","forceAjax","/rayon.suggestionpopup?t:ac=492"],["eventlink","forceAjax","/rayon.customerinfos:showsigninpopup?t:ac=492"],["registerPopup","forceAjax","/rayon.customerinfos.registerpopup?t:ac=492"],["popupAuth","forceAjax","/rayon.customerinfos.popupauth?t:ac=492"],["showSlotTab","forceAjax","/rayon.customerinfos.slotinfo.showslottab?t:ac=492"],["basket","forceAjax","/rayon.customerinfos.basket?t:ac=492"],["lists","forceAjax","/rayon.customerinfos.lists?t:ac=492"],["topBasket","forceAjax","/rayon.customerinfos.topbasket?t:ac=492"],["validateBasket","forceAjax","/rayon.customerinfos.minibasket.validatebasket?t:ac=492"]]});
});
</script></body></html>