<!DOCTYPE html PUBLIC "-//W3C//DTD XHTML 1.0 Strict//EN" "http://www.w3.org/TR/xhtml1/DTD/xhtml1-strict.dtd"><html xmlns="http://www.w3.org/1999/xhtml"><head><meta content="text/html; charset=utf-8" http-equiv="content-type"></meta><title>Vente Jus, Softs en ligne - Auchandirect.fr</title><!-- correction d'un bug de compatibilité tapestry/IE9 --><meta content="IE=EmulateIE8" http-equiv="X-UA-Compatible"></meta><meta content="Faites vos courses en ligne sur Auchandirect.fr! Jus, Softs en livraison 24h dans les régions de Paris, Lyon, Marseille, Toulouse et Lille." name="description"></meta><meta content="index, follow" name="robots"></meta><meta content="0" http-equiv="expires"></meta><meta content="no-cache" http-equiv="pragma"></meta><meta content="no-store, no-cache, must-revalidate" http-equiv="cache-control"></meta><link type="text/css" rel="stylesheet" href="http://www.refonte.auchandirect.fr/assets/tapestry/5.1.0.5/default.css"></link><link type="text/css" rel="stylesheet" href="http://www.refonte.auchandirect.fr/assets/ctx/cb0cdd30e165aaa4/static/css/auchan_surcharge.css"></link><link type="text/css" rel="stylesheet" href="http://www.refonte.auchandirect.fr/assets/ctx/cb0cdd30e165aaa4/static/css/styles.css"></link><link type="text/css" rel="stylesheet" href="http://www.refonte.auchandirect.fr/assets/ctx/cb0cdd30e165aaa4/static/css/common.css"></link><link media="screen" href="http://www.refonte.auchandirect.fr/static/fancybox/jquery.fancybox-1.3.4.css" type="text/css" rel="stylesheet"></link><!--[if lte IE 7]><style type="text/css">div#engagements .item .item-picto, div#engagements
.item .item-texte, div#engagements-long .item .item-picto,
div#engagements-long .item .item-texte { display: inline; zoom:1; }</style><link media="all" type="text/css" href="/static/css/ie7.css" rel="stylesheet"></link><![endif]--><!--[if lte IE 8]><link media="all" type="text/css" href="/static/css/ie8.css" rel="stylesheet"></link><![endif]--><!--[if lte IE 9]><style type="text/css">
.liste-produits-menu a.active , .liste-produits-menu a:hover{
filter: none;}
</style><![endif]--><!--[if IE]><link media="all" type="text/css" href="/static/css/ie.css" rel="stylesheet"></link><![endif]--><script src="http://www.refonte.auchandirect.fr/assets/scriptaculous/5.1.0.5/prototype.js" type="text/javascript"></script><script src="http://www.refonte.auchandirect.fr/assets/scriptaculous/5.1.0.5/scriptaculous.js" type="text/javascript"></script><script src="http://www.refonte.auchandirect.fr/assets/scriptaculous/5.1.0.5/effects.js" type="text/javascript"></script><script src="http://www.refonte.auchandirect.fr/assets/tapestry/5.1.0.5/tapestry.js" type="text/javascript"></script><script src="http://www.refonte.auchandirect.fr/assets/tapestry/5.1.0.5/tapestry-messages.js" type="text/javascript"></script><script src="http://www.refonte.auchandirect.fr/assets/ctx/cb0cdd30e165aaa4/static/scripts/tapestry-patch.js" type="text/javascript"></script><script src="http://www.refonte.auchandirect.fr/assets/ctx/cb0cdd30e165aaa4/static/scripts/jquery.min.js" type="text/javascript"></script><script src="http://www.refonte.auchandirect.fr/assets/ctx/cb0cdd30e165aaa4/static/scripts/jquery.tools.min.js" type="text/javascript"></script><script src="http://www.refonte.auchandirect.fr/assets/ctx/cb0cdd30e165aaa4/static/fancybox/jquery.fancybox-1.3.4.js" type="text/javascript"></script><script src="http://www.refonte.auchandirect.fr/assets/ctx/cb0cdd30e165aaa4/static/scripts/cacom-custom-lib.js" type="text/javascript"></script><script src="http://www.refonte.auchandirect.fr/assets/ctx/cb0cdd30e165aaa4/static/fancybox/jquery.mousewheel-3.0.4.pack.js" type="text/javascript"></script><script src="http://www.refonte.auchandirect.fr/assets/ctx/cb0cdd30e165aaa4/static/scripts/common.js" type="text/javascript"></script><script src="http://www.refonte.auchandirect.fr/assets/ctx/cb0cdd30e165aaa4/static/scripts/ZoneUpdater.js" type="text/javascript"></script><script src="http://www.refonte.auchandirect.fr/assets/ctx/cb0cdd30e165aaa4/static/scripts/jquery.carouFredSel-5.5.0-packed.js" type="text/javascript"></script><script type="text/javascript" language="javascript">
var j = jQuery.noConflict();
j(function() {
j("#foo2").carouFredSel({
circular: true,
infinite: false,
auto : true,
scroll : {
items : "page"
},
prev : {
button : "#foo2_prev",
key : "left"
},
next : {
button : "#foo2_next",
key : "right"
},
pagination : "#foo2_pag"
});
if($(".caroufredsel_wrapper")!=null)
$(".caroufredsel_wrapper").css({
'height': '246px'
});
if($(".page_famille_carrousel")!=null)
$(".page_famille_carrousel").css({
'overflow': 'hidden'
});
});
</script></head><body style=""><div class="fiche-produit" id="page"><div id="tetiere"><div id="logo"><!-- HEADER_LOGO --><div id="logo">
<a href="../../../index.html" title="accueil"><img src="http://www.refonte.auchandirect.fr/static/images/logo-auchan.jpg" alt="Accueil" /></a>
</div>
</div><div id="pub"><?xml version="1.0" encoding="UTF-8"?><a  href="../../../commander/identification.signin.forgetpwdpopup.html"  title="Inscrivez-vous et bénéficiez de la 1ere livraison offerte avec le code BIENVENUE dès 120€ d'achats"><img src="http://www.refonte.auchandirect.fr/img/display/000/000/530/5301.jpg" /></a>
</div><!-- HEADER_HAUT_DROIT --><!-- <t:outputraw value="headerHauteDroit" /> --><div id="newsletter"><h3>Newsletter</h3><a id="newsLetterPopup" onclick="javascript:Tapestry.waitForPage(event);" href="http://www.refonte.auchandirect.fr/rayon.pagetemplate.header.headertop.newsletterpopup?t:ac=476">Inscrivez-vous vite !</a></div></div><div id="menu-top"><div id="menu-promos"><ul class="menu menu-horizontal"><li><a title="promos" class="menu-top-promos" href="../../../rayon.customerinfos.minibasket.validatebasket%3Ft:ac=promos.html">Promotions</a></li><li><a title="nouveautes" class="menu-top-nouveautes" href="../../../nouveaut%25C3%25A9s/id0/nouveautes.html">Nouveautés</a></li></ul></div><div id="bloc-recherche"><form onsubmit="javascript:Tapestry.waitForPage(event);" action="http://www.refonte.auchandirect.fr/rayon.pagetemplate.header.headermenutop.searchform" method="post" id="searchForm" name="searchForm"><div class="t-invisible"><input value="476" name="t:ac" type="hidden"></input><input value="H4sIAAAAAAAAAJ2QoU4DQRBAp03A1JHwB2C3CGrAUAGqIaQXPmBub7jbZndn2Z2D1mD4DwyW8BMVOP6hhmCQoBBce3UkJEVNMsnMe3lPH7B1ewBqjDP2RwFLEnLBopCqCAuK6+HI18JBJcKoqxRhwLFUGFBXpAQDJYmzgdIcyZpc5ZhIDfNmiVrODNliLyOpw/7lvLfYffnuQmcEPc1eIttzdCSwM5rgDfYt+rKfSTS+PJ4Gge2W+C/H4aaOF5E1pZTVuTMpGfbz5+Lw6uvhtQswDRs5LF9I43Dyp4NmF9iTl6RWUPmt8LYYf96fPr63ychSg5Blsmu4g06baHX6A/6kTBjLAQAA" name="t:formdata" type="hidden"></input></div><div><input title="recherche" class="texte-recherche" value="Rechercher" id="search" name="search" type="text"></input><img id="search-icon" class="t-error-icon t-invisible" alt="" src="http://www.refonte.auchandirect.fr/assets/tapestry/5.1.0.5/spacer.gif"/><input value="OK" class="recherche-submit" name="submit" type="submit"></input></div></form></div></div><div id="menu" class="float-container"><ul id="menu-principal" class="menu menu-horizontal"><li><a class="first" title="RR1002" href="476.html#">Marché</a><div class="hovered_big_menu" id="4042"><div class="menu-panel"><div class="menu-listes-container float-container"><div class="menu-listes"><ul class="menu menu-horizontal menu_left"><li><h3><a title="RR2007" rel="page-461" href="../../../sousfamille.customerinfos.minibasket.validatebasket%3Ft:ac=404%252F461.html">Fruits</a></h3><ul class="menu"><li><a href="../../../march%25C3%25A9/fruits/fruits-de-saison/id0/592.html">Fruits de saison </a></li><li><a href="../../../march%25C3%25A9/fruits/agrumes/id0/444663.html">Agrumes</a></li><li><a href="../../../march%25C3%25A9/fruits/bananes,-fruits-exotiques/id0/589.html">Bananes, Fruits exotiques</a></li><li><a href="../../../march%25C3%25A9/fruits/pommes,-poires/id0/593.html">Pommes, Poires</a></li><li><a href="../../../march%25C3%25A9/fruits/fruits-rouges/id0/590.html">Fruits rouges</a></li><li><a href="../../../march%25C3%25A9/fruits/fruits-%25C3%25A0-noyau,-raisins/id0/596.html">Fruits à Noyau, Raisins</a></li><li><a href="../../../march%25C3%25A9/fruits/fruits-secs-et-pr%25C3%25AAts-%25C3%25A0-l'emploi/id0/595.html">Fruits Secs et Prêts à l'Emploi</a></li><li><a href="../../../march%25C3%25A9/fruits/jus-de-fruits-frais/id0/100371.html">Jus de Fruits frais</a></li></ul></li><li><h3><a title="RR2006" rel="page-463" href="../../../id3/404/463.html">Légumes</a></h3><ul class="menu"><li><a href="../../../march%25C3%25A9/l%25C3%25A9gumes/l%25C3%25A9gumes-de-saison/id0/431975.html">Légumes de saison</a></li><li><a href="../../../march%25C3%25A9/l%25C3%25A9gumes/salades,-endives,-herbes-aromatiques/id0/585.html">Salades, Endives, Herbes aromatiques</a></li><li><a href="../../../march%25C3%25A9/l%25C3%25A9gumes/tomates/id0/82017.html">Tomates</a></li><li><a href="../../../march%25C3%25A9/l%25C3%25A9gumes/aubergines,-courgettes,-poivrons/id0/583.html">Aubergines, Courgettes, Poivrons</a></li><li><a href="../../../march%25C3%25A9/l%25C3%25A9gumes/avocats,-concombres,-radis,-celeris/id0/581.html">Avocats, Concombres, Radis, Celeris</a></li><li><a href="../../../march%25C3%25A9/l%25C3%25A9gumes/carottes,-poireaux,-navets,-potirons,-choux/id0/580.html">Carottes, Poireaux, Navets, Potirons, Choux</a></li><li><a href="../../../march%25C3%25A9/l%25C3%25A9gumes/l%25C3%25A9gumes-verts,-asperges,-champignons/id0/579.html">Légumes verts, Asperges, Champignons</a></li><li><a href="../../../march%25C3%25A9/l%25C3%25A9gumes/pommes-de-terre/id0/584.html">Pommes de Terre</a></li><li><a href="../../../march%25C3%25A9/l%25C3%25A9gumes/ails,-oignons,-echalotes/id0/587.html">Ails, Oignons, Echalotes</a></li><li><a href="../../../march%25C3%25A9/l%25C3%25A9gumes/soupes-fra%25C3%25AEches,-pr%25C3%25AAts-%25C3%25A0-l'emploi,-l%25C3%25A9gumes-secs/id0/588.html">Soupes Fraîches, Prêts à l'emploi, Légumes secs</a></li></ul></li><li><h3><a title="RR2009" rel="page-460" href="../../../id3/404/460.html">Boucherie - Volaille</a></h3><ul class="menu"><li><a href="../../../march%25C3%25A9/boucherie---volaille/les-pi%25C3%25A8ces-du-boucher/id0/431977.html">Les pièces du Boucher</a></li><li><a href="../../../march%25C3%25A9/boucherie---volaille/b%25C5%2593uf/id0/601.html">Bœuf</a></li><li><a href="../../../march%25C3%25A9/boucherie---volaille/porc,-veau,-agneau/id0/600.html">Porc, Veau, Agneau</a></li><li><a href="../../../march%25C3%25A9/boucherie---volaille/poulet,-dinde,-autres-volailles/id0/603.html">Poulet, Dinde, Autres Volailles</a></li><li><a href="../../../march%25C3%25A9/boucherie---volaille/saucisse,-viandes-cuisin%25C3%25A9es,-snack,-sauce/id0/602.html">Saucisse, Viandes Cuisinées, Snack, Sauce</a></li></ul></li><li><h3><a title="RR2008" rel="page-462" href="../../../id3/404/462.html">Produits de la mer</a></h3><ul class="menu"><li><a href="../../../march%25C3%25A9/produits-de-la-mer/poissons-frais,-fruits-de-mer,-poissons-pan%25C3%25A9s/id0/597.html">Poissons frais, Fruits de Mer, Poissons Panés</a></li><li><a href="../../../march%25C3%25A9/produits-de-la-mer/poissons-fum%25C3%25A9s/id0/82012.html">Poissons Fumés</a></li><li><a href="../../../march%25C3%25A9/produits-de-la-mer/produits-ap%25C3%25A9ritifs/id0/100366.html">Produits Apéritifs</a></li><li><a href="../../../march%25C3%25A9/produits-de-la-mer/surimis/id0/100363.html">Surimis</a></li></ul></li><li><h3><a title="RR3360" rel="page-100376" href="../../../id3/404/100376.html">Pains - Viennoiseries</a></h3><ul class="menu"><li><a href="../../../march%25C3%25A9/pains---viennoiseries/pains,-pains-de-mie/id0/100377.html">Pains, Pains de mie</a></li><li><a href="../../../march%25C3%25A9/pains---viennoiseries/pains-%25C3%25A0-garnir/id0/431981.html">Pains à garnir</a></li><li><a href="../../../march%25C3%25A9/pains---viennoiseries/brioches-et-viennoiseries/id0/100381.html">Brioches et Viennoiseries</a></li></ul></li></ul><?xml version="1.0" encoding="UTF-8"?><a href="http://www.refonte.auchandirect.fr/rayon/511862"><img src="http://www.refonte.auchandirect.fr/static/vitamines.jpg" alt="Faites le plein de vitamines !" title="Faites le plein de vitamines !" width="150" height="275" /></a>    
<div class="clear"></div></div><div class="clear"></div></div></div></div></li><li><a title="RR1003" href="476.html#">Produits laitiers<br/>Œufs</a><div class="hovered_big_menu" id="4082"><div class="menu-panel"><div class="menu-listes-container float-container"><div class="menu-listes"><ul class="menu menu-horizontal menu_left"><li><h3><a title="RR2010" rel="page-459" href="../../../id3/408/459.html">Crémerie, Oeufs</a></h3><ul class="menu"><li><a href="../../../produits-laitiers,-%25C5%2593ufs/cr%25C3%25A9merie,-oeufs/laits/id0/605.html">Laits</a></li><li><a href="../../../produits-laitiers,-%25C5%2593ufs/cr%25C3%25A9merie,-oeufs/cr%25C3%25A8mes-fra%25C3%25AEches,-sauces/id0/608.html">Crèmes Fraîches, Sauces </a></li><li><a href="../../../produits-laitiers,-%25C5%2593ufs/cr%25C3%25A9merie,-oeufs/beurres/id0/604.html">Beurres</a></li><li><a href="../../../produits-laitiers,-%25C5%2593ufs/cr%25C3%25A9merie,-oeufs/margarines/id0/607.html">Margarines</a></li><li><a href="../../../produits-laitiers,-%25C5%2593ufs/cr%25C3%25A9merie,-oeufs/oeufs/id0/606.html">Oeufs</a></li></ul></li><li><h3><a title="RR2011" rel="page-466" href="../../../id3/408/466.html">Fromages</a></h3><ul class="menu"><li><a href="../../../produits-laitiers,-%25C5%2593ufs/fromages/emmental,-comt%25C3%25A9,-rap%25C3%25A9,-parmesan/id0/431987.html">Emmental, Comté, Rapé et Parmesan</a></li><li><a href="../../../produits-laitiers,-%25C5%2593ufs/fromages/ch%25C3%25A8vres,-brebis,-bleus,-roqueforts/id0/610.html">Chèvres,  Brebis, Bleus, Roqueforts</a></li><li><a href="../../../produits-laitiers,-%25C5%2593ufs/fromages/camemberts,-coulommiers,-bries/id0/611.html">Camemberts,  Coulommiers,  Bries</a></li><li><a href="../../../produits-laitiers,-%25C5%2593ufs/fromages/sp%25C3%25A9cialit%25C3%25A9s,-aop/id0/612.html">Spécialités,  AOP</a></li><li><a href="../../../produits-laitiers,-%25C5%2593ufs/fromages/fromages-all%25C3%25A9g%25C3%25A9s/id0/618.html">Fromages Allégés</a></li><li><a href="../../../produits-laitiers,-%25C5%2593ufs/fromages/a-cuisiner,-a-tartiner,-a-fondre/id0/614.html">A cuisiner, A tartiner, A fondre</a></li><li><a href="../../../produits-laitiers,-%25C5%2593ufs/fromages/ap%25C3%25A9ritifs,-salades,-mozzarellas/id0/615.html">Apéritifs,  Salades,  Mozzarellas</a></li><li><a href="../../../produits-laitiers,-%25C5%2593ufs/fromages/enfants/id0/617.html">Enfants</a></li></ul></li><li><h3><a title="RR2012" rel="page-464" href="../../../id3/408/464.html">Yaourts, Desserts</a></h3><ul class="menu"><li><a href="../../../produits-laitiers,-%25C5%2593ufs/yaourts,-desserts/yaourts-natures,-fromages-blancs/id0/619.html">Yaourts natures, Fromages blancs</a></li><li><a href="../../../produits-laitiers,-%25C5%2593ufs/yaourts,-desserts/yaourts-aux-fruits,-aromatis%25C3%25A9s/id0/620.html">Yaourts aux fruits,  Aromatisés</a></li><li><a href="../../../produits-laitiers,-%25C5%2593ufs/yaourts,-desserts/yaourts-enfants,-a-boire/id0/621.html">Yaourts enfants, A boire</a></li><li><a href="../../../produits-laitiers,-%25C5%2593ufs/yaourts,-desserts/desserts-gourmands/id0/622.html">Desserts gourmands</a></li><li><a href="../../../produits-laitiers,-%25C5%2593ufs/yaourts,-desserts/all%25C3%25A9g%25C3%25A9s,-bien-%25C3%25AAtre/id0/623.html">Allégés,  Bien Être</a></li><li><a href="../../../produits-laitiers,-%25C5%2593ufs/yaourts,-desserts/compotes/id0/431969.html">Compotes</a></li></ul></li></ul><?xml version="1.0" encoding="UTF-8"?><a href="http://www.refonte.auchandirect.fr/rayon/593464"><img src="http://www.refonte.auchandirect.fr/static/S0213laitierV2.png" alt="La promo de la semaine au rayon laitier" title="La promo de la semaine au rayon laitier" /></a>    
<div class="clear"></div></div><div class="clear"></div></div></div></div></li><li><a title="RR1004" href="476.html#">Charcuterie<br/>Traiteur</a><div class="hovered_big_menu" id="4072"><div class="menu-panel"><div class="menu-listes-container float-container"><div class="menu-listes"><ul class="menu menu-horizontal menu_left"><li><h3><a title="RR2013" rel="page-468" href="../../../id3/407/468.html">Charcuterie</a></h3><ul class="menu"><li><a href="../../../charcuterie-traiteur/charcuterie/jambons/id0/624.html">Jambons</a></li><li><a href="../../../charcuterie-traiteur/charcuterie/lardons,-bacon,-aides-culinaires/id0/626.html">Lardons, Bacon, Aides culinaires</a></li><li><a href="../../../charcuterie-traiteur/charcuterie/saucisses,-boudins/id0/629.html">Saucisses, Boudins</a></li><li><a href="../../../charcuterie-traiteur/charcuterie/saucissons,-p%25C3%25A2t%25C3%25A9s,-rillettes/id0/625.html">Saucissons, Pâtés, Rillettes</a></li></ul></li><li><h3><a title="RR2014" rel="page-465" href="../../../id3/407/465.html">Traiteur</a></h3><ul class="menu"><li><a href="../../../charcuterie-traiteur/traiteur/entr%25C3%25A9es,-ap%25C3%25A9ritifs/id0/630.html">Entrées, Apéritifs</a></li><li><a href="../../../charcuterie-traiteur/traiteur/salades-compos%25C3%25A9es,-crudit%25C3%25A9s,-soupes/id0/627.html">Salades Composées, Crudités, Soupes</a></li><li><a href="../../../charcuterie-traiteur/traiteur/burgers,-croques/id0/632.html">Burgers, Croques</a></li><li><a href="../../../charcuterie-traiteur/traiteur/cordons-bleus,-nuggets,-grignottes/id0/636.html">Cordons Bleus, Nuggets, Grignottes</a></li><li><a href="../../../charcuterie-traiteur/traiteur/pizzas,-tartes,-quiches/id0/631.html">Pizzas, Tartes, Quiches</a></li><li><a href="../../../charcuterie-traiteur/traiteur/p%25C3%25A2tes-fra%25C3%25AEches,-quenelles/id0/634.html">Pâtes Fraîches, Quenelles</a></li><li><a href="../../../charcuterie-traiteur/traiteur/plats-cuisin%25C3%25A9s/id0/628.html">Plats cuisinés</a></li><li><a href="../../../charcuterie-traiteur/traiteur/p%25C3%25A2tes-%25C3%25A0-tarte-et-%25C3%25A0-g%25C3%25A2teaux/id0/633.html">Pâtes à Tarte et à Gâteaux</a></li><li><a href="../../../charcuterie-traiteur/traiteur/destockage-foie-gras-et-toasts/id0/565014.html">Destockage Foie Gras et Toasts</a></li></ul></li><li><h3><a title="RR2016" rel="page-467" href="../../../id3/407/467.html">Traiteur de la Mer</a></h3><ul class="menu"><li><a href="../../../charcuterie-traiteur/traiteur-de-la-mer/poissons-fum%25C3%25A9s/id0/639.html">Poissons Fumés</a></li><li><a href="../../../charcuterie-traiteur/traiteur-de-la-mer/surimis,-poissons-pan%25C3%25A9s/id0/637.html">Surimis, Poissons panés</a></li><li><a href="../../../charcuterie-traiteur/traiteur-de-la-mer/produits-ap%25C3%25A9ritifs/id0/640.html">Produits Apéritifs</a></li></ul></li></ul><?xml version="1.0" encoding="UTF-8"?><a href="http://www.refonte.auchandirect.fr/rayon/511863"><img src="http://www.refonte.auchandirect.fr/static/jambons.jpg" alt="Le jambon...c'est meilleur en promo !" title="Le jambon...c'est meilleur en promo !" width="150" height="275" /></a>     
<div class="clear"></div></div><div class="clear"></div></div></div></div></li><li><a title="RR1005" href="476.html#">Surgelés</a><div class="hovered_big_menu" id="4062"><div class="menu-panel"><div class="menu-listes-container float-container"><div class="menu-listes"><ul class="menu menu-horizontal menu_left"><li><h3><a title="RR2017" rel="page-472" href="../../../id3/406/472.html">Apéritifs, Entrées, Snacks</a></h3><ul class="menu"><li><a href="../../../surgel%25C3%25A9s/ap%25C3%25A9ritifs,-entr%25C3%25A9es,-snacks/ap%25C3%25A9ritifs,-petits-fours/id0/431976.html">Apéritifs, Petits fours</a></li><li><a href="../../../surgel%25C3%25A9s/ap%25C3%25A9ritifs,-entr%25C3%25A9es,-snacks/cr%25C3%25AApes,-feuillet%25C3%25A9s/id0/431978.html">Crêpes, Feuilletés</a></li><li><a href="../../../surgel%25C3%25A9s/ap%25C3%25A9ritifs,-entr%25C3%25A9es,-snacks/bun's,-burgers/id0/431979.html">Bun's, Burgers</a></li><li><a href="../../../surgel%25C3%25A9s/ap%25C3%25A9ritifs,-entr%25C3%25A9es,-snacks/coquilles,-escargots/id0/431980.html">Coquilles, Escargots</a></li></ul></li><li><h3><a title="Pizzas, Tartes, Plats cuisinés" rel="page-431964" href="../../../id3/406/431964.html">Pizzas, Tartes, Plats cuisinés</a></h3><ul class="menu"><li><a href="../../../surgel%25C3%25A9s/pizzas,-tartes,-plats-cuisin%25C3%25A9s/pizzas/id0/648.html">Pizzas</a></li><li><a href="../../../surgel%25C3%25A9s/pizzas,-tartes,-plats-cuisin%25C3%25A9s/tartes,-quiches/id0/431973.html">Tartes, Quiches</a></li><li><a href="../../../surgel%25C3%25A9s/pizzas,-tartes,-plats-cuisin%25C3%25A9s/plats-cuisin%25C3%25A9s/id0/646.html">Plats Cuisinés</a></li></ul></li><li><h3><a title="RR2019" rel="page-470" href="../../../id3/406/470.html">Viandes, Produits de la Mer</a></h3><ul class="menu"><li><a href="../../../surgel%25C3%25A9s/viandes,-produits-de-la-mer/viandes/id0/652.html">Viandes</a></li><li><a href="../../../surgel%25C3%25A9s/viandes,-produits-de-la-mer/produits-de-la-mer/id0/654.html">Produits de la Mer</a></li></ul></li><li><h3><a title="RR2018" rel="page-469" href="../../../id3/406/469.html">Légumes, Pommes de Terre, Herbes</a></h3><ul class="menu"><li><a href="../../../surgel%25C3%25A9s/l%25C3%25A9gumes,-pommes-de-terre,-herbes/frites,-pommes-de-terre/id0/647.html">Frites, Pommes de Terre</a></li><li><a href="../../../surgel%25C3%25A9s/l%25C3%25A9gumes,-pommes-de-terre,-herbes/l%25C3%25A9gumes/id0/650.html">Légumes</a></li><li><a href="../../../surgel%25C3%25A9s/l%25C3%25A9gumes,-pommes-de-terre,-herbes/herbes-aromatiques-et-sauces/id0/651.html">Herbes Aromatiques et sauces</a></li></ul></li><li><h3><a title="RR2020" rel="page-471" href="../../../id3/406/471.html">Glaces, Patisseries, Viennoiseries</a></h3><ul class="menu"><li><a href="../../../surgel%25C3%25A9s/glaces,-patisseries,-viennoiseries/glaces-individuelles/id0/657.html">Glaces Individuelles</a></li><li><a href="../../../surgel%25C3%25A9s/glaces,-patisseries,-viennoiseries/glaces-%25C3%25A0-partager/id0/653.html">Glaces à Partager</a></li><li><a href="../../../surgel%25C3%25A9s/glaces,-patisseries,-viennoiseries/p%25C3%25A2tisseries,-viennoiseries/id0/656.html">Pâtisseries, Viennoiseries</a></li><li><a href="../../../surgel%25C3%25A9s/glaces,-patisseries,-viennoiseries/accompagnements,-fruits/id0/655.html">Accompagnements, Fruits</a></li><li><a href="../../../surgel%25C3%25A9s/glaces,-patisseries,-viennoiseries/b%25C3%25BBches-de-f%25C3%25AAtes/id0/451162.html">Bûches de Fêtes</a></li></ul></li></ul><?xml version="1.0" encoding="UTF-8"?><a href="http://www.refonte.auchandirect.fr/rayon/511868"><img src="http://www.refonte.auchandirect.fr/static/S0213_surgeles.jpg" alt="La promo de la semaine au rayon surgel&eacute;s " title="La promo de la semaine au rayon surgel&eacute;s " width="150" height="275" /></a>    
<div class="clear"></div></div><div class="clear"></div></div></div></div></li><li><a title="RR1006" href="476.html#">Epicerie<br/>Salée</a><div class="hovered_big_menu" id="4132"><div class="menu-panel"><div class="menu-listes-container float-container"><div class="menu-listes"><ul class="menu menu-horizontal menu_left"><li><h3><a title="RR2025" rel="page-479" href="../../../id3/413/479.html">Conserves, Plats Cuisinés</a></h3><ul class="menu"><li><a href="../../../epicerie-sal%25C3%25A9e/conserves,-plats-cuisin%25C3%25A9s/conserves-de-l%25C3%25A9gumes/id0/674.html">Conserves de Légumes</a></li><li><a href="../../../epicerie-sal%25C3%25A9e/conserves,-plats-cuisin%25C3%25A9s/conserves-de-poissons/id0/676.html">Conserves de Poissons</a></li><li><a href="../../../epicerie-sal%25C3%25A9e/conserves,-plats-cuisin%25C3%25A9s/plats-cuisin%25C3%25A9s/id0/677.html">Plats Cuisinés</a></li><li><a href="../../../epicerie-sal%25C3%25A9e/conserves,-plats-cuisin%25C3%25A9s/terrines,-pat%25C3%25A9s/id0/679.html">Terrines, Patés</a></li></ul></li><li><h3><a title="RR2023" rel="page-480" href="../../../id3/413/480.html">Pâtes, Riz, Purées</a></h3><ul class="menu"><li><a href="../../../epicerie-sal%25C3%25A9e/p%25C3%25A2tes,-riz,-pur%25C3%25A9es/p%25C3%25A2tes/id0/681.html">Pâtes</a></li><li><a href="../../../epicerie-sal%25C3%25A9e/p%25C3%25A2tes,-riz,-pur%25C3%25A9es/riz/id0/680.html">Riz</a></li><li><a href="../../../epicerie-sal%25C3%25A9e/p%25C3%25A2tes,-riz,-pur%25C3%25A9es/sauces-pour-p%25C3%25A2tes-et-riz/id0/431966.html">Sauces pour Pâtes et Riz</a></li><li><a href="../../../epicerie-sal%25C3%25A9e/p%25C3%25A2tes,-riz,-pur%25C3%25A9es/bl%25C3%25A9s,-semoules,-l%25C3%25A9gumes-secs/id0/678.html">Blés, Semoules, Légumes secs</a></li><li><a href="../../../epicerie-sal%25C3%25A9e/p%25C3%25A2tes,-riz,-pur%25C3%25A9es/pur%25C3%25A9es/id0/682.html">Purées</a></li></ul></li><li><h3><a title="RR2022" rel="page-481" href="../../../id3/413/481.html">Potages et Soupes</a></h3><ul class="menu"><li><a href="../../../epicerie-sal%25C3%25A9e/potages-et-soupes/format-familial/id0/683.html">Format Familial</a></li><li><a href="../../../epicerie-sal%25C3%25A9e/potages-et-soupes/format-individuel/id0/686.html">Format individuel</a></li><li><a href="../../../epicerie-sal%25C3%25A9e/potages-et-soupes/de%25CC%2581shydrate%25CC%2581es,-instantane%25CC%2581es,-croutons/id0/685.html">Déshydratées, Instantanées, Croutons</a></li></ul></li><li><h3><a title="RR2024" rel="page-482" href="../../../id3/413/482.html">Sauces, Condiments</a></h3><ul class="menu"><li><a href="../../../epicerie-sal%25C3%25A9e/sauces,-condiments/huiles/id0/692.html">Huiles</a></li><li><a href="../../../epicerie-sal%25C3%25A9e/sauces,-condiments/vinaigres,-vinaigrettes/id0/694.html">Vinaigres, Vinaigrettes</a></li><li><a href="../../../epicerie-sal%25C3%25A9e/sauces,-condiments/sauces-chaudes/id0/689.html">Sauces Chaudes</a></li><li><a href="../../../epicerie-sal%25C3%25A9e/sauces,-condiments/moutarde,-mayonnaise,-ketchup/id0/691.html">Moutarde, Mayonnaise, Ketchup</a></li><li><a href="../../../epicerie-sal%25C3%25A9e/sauces,-condiments/olives,-cornichons/id0/688.html">Olives,  Cornichons</a></li><li><a href="../../../epicerie-sal%25C3%25A9e/sauces,-condiments/sel,-poivre,-epices,-herbes/id0/695.html">Sel, Poivre, Epices, Herbes</a></li><li><a href="../../../epicerie-sal%25C3%25A9e/sauces,-condiments/bouillons,-aides-culinaires/id0/687.html">Bouillons, Aides culinaires</a></li></ul></li><li><h3><a title="RR2021" rel="page-477" href="../../../id3/413/477.html">Produits salés apéritifs</a></h3><ul class="menu"><li><a href="../../../epicerie-sal%25C3%25A9e/produits-sal%25C3%25A9s-ap%25C3%25A9ritifs/chips,-tuiles/id0/675.html">Chips, Tuiles</a></li><li><a href="../../../epicerie-sal%25C3%25A9e/produits-sal%25C3%25A9s-ap%25C3%25A9ritifs/cacahu%25C3%25A8tes,-autres-graines/id0/673.html">Cacahuètes, Autres Graines</a></li><li><a href="../../../epicerie-sal%25C3%25A9e/produits-sal%25C3%25A9s-ap%25C3%25A9ritifs/biscuits-sal%25C3%25A9s,-souffl%25C3%25A9s/id0/668.html">Biscuits salés, Soufflés</a></li><li><a href="../../../epicerie-sal%25C3%25A9e/produits-sal%25C3%25A9s-ap%25C3%25A9ritifs/autres-produits-ap%25C3%25A9ritifs/id0/669.html">Autres Produits Apéritifs</a></li></ul></li><li><h3><a title="RR3363" rel="page-143464" href="../../../id3/413/143464.html">Produits Gourmets</a></h3><ul class="menu"><li><a href="../../../epicerie-sal%25C3%25A9e/produits-gourmets/epicerie-sal%25C3%25A9e/id0/143468.html">Epicerie Salée</a></li><li><a href="../../../epicerie-sal%25C3%25A9e/produits-gourmets/epicerie-sucr%25C3%25A9e/id0/143469.html">Epicerie Sucrée</a></li></ul></li></ul><?xml version="1.0" encoding="UTF-8"?><a href="http://www.refonte.auchandirect.fr/rayon/485262"><img src="http://www.refonte.auchandirect.fr/static/S0213epiceriesalee.png" alt="La promo de la semaine au rayon &eacute;picerie sal&eacute;e" title="La promo de la semaine au rayon &eacute;picerie sal&eacute;e" width="150" height="275" /></a>     
<div class="clear"></div></div><div class="clear"></div></div></div></div></li><li><a title="RR1007" href="476.html#">Petit-Déjeuner<br/>Epicerie Sucrée</a><div class="hovered_big_menu" id="4092"><div class="menu-panel"><div class="menu-listes-container float-container"><div class="menu-listes"><ul class="menu menu-horizontal menu_left"><li><h3><a title="RR2029" rel="page-484" href="../../../id3/409/484.html">Petit-déjeuner</a></h3><ul class="menu"><li><a href="../../../petit-d%25C3%25A9jeuner-epicerie-sucr%25C3%25A9e/petit-d%25C3%25A9jeuner/caf%25C3%25A9s,-chicor%25C3%25A9es,-chocolats/id0/710.html">Cafés, Chicorées, Chocolats</a></li><li><a href="../../../petit-d%25C3%25A9jeuner-epicerie-sucr%25C3%25A9e/petit-d%25C3%25A9jeuner/dosettes,-capsules/id0/431984.html">Dosettes, Capsules</a></li><li><a href="../../../petit-d%25C3%25A9jeuner-epicerie-sucr%25C3%25A9e/petit-d%25C3%25A9jeuner/th%25C3%25A9s,-infusions/id0/715.html">Thés, Infusions</a></li><li><a href="../../../petit-d%25C3%25A9jeuner-epicerie-sucr%25C3%25A9e/petit-d%25C3%25A9jeuner/c%25C3%25A9r%25C3%25A9ales/id0/709.html">Céréales</a></li><li><a href="../../../petit-d%25C3%25A9jeuner-epicerie-sucr%25C3%25A9e/petit-d%25C3%25A9jeuner/biscottes,-tartines/id0/708.html">Biscottes, Tartines</a></li><li><a href="../../../petit-d%25C3%25A9jeuner-epicerie-sucr%25C3%25A9e/petit-d%25C3%25A9jeuner/pains-et-viennoiseries/id0/716.html">Pains et Viennoiseries</a></li><li><a href="../../../petit-d%25C3%25A9jeuner-epicerie-sucr%25C3%25A9e/petit-d%25C3%25A9jeuner/confitures,-miels,-p%25C3%25A2tes-%25C3%25A0-tartiner/id0/712.html">Confitures, Miels, Pâtes à Tartiner</a></li><li><a href="../../../petit-d%25C3%25A9jeuner-epicerie-sucr%25C3%25A9e/petit-d%25C3%25A9jeuner/jus-de-fruits/id0/713.html">Jus de Fruits</a></li><li><a href="../../../petit-d%25C3%25A9jeuner-epicerie-sucr%25C3%25A9e/petit-d%25C3%25A9jeuner/laits/id0/714.html">Laits</a></li></ul></li><li><h3><a title="RR2026" rel="page-483" href="../../../id3/409/483.html">Biscuits, Goûters</a></h3><ul class="menu"><li><a href="../../../petit-d%25C3%25A9jeuner-epicerie-sucr%25C3%25A9e/biscuits,-go%25C3%25BBters/biscuits/id0/693.html">Biscuits</a></li><li><a href="../../../petit-d%25C3%25A9jeuner-epicerie-sucr%25C3%25A9e/biscuits,-go%25C3%25BBters/go%25C3%25BBters/id0/431989.html">Goûters </a></li><li><a href="../../../petit-d%25C3%25A9jeuner-epicerie-sucr%25C3%25A9e/biscuits,-go%25C3%25BBters/p%25C3%25A2tisseries/id0/696.html">Pâtisseries</a></li></ul></li><li><h3><a title="RR2027" rel="page-485" href="../../../id3/409/485.html">Chocolats, Confiseries</a></h3><ul class="menu"><li><a href="../../../petit-d%25C3%25A9jeuner-epicerie-sucr%25C3%25A9e/chocolats,-confiseries/tablettes-de-chocolat/id0/701.html">Tablettes de Chocolat</a></li><li><a href="../../../petit-d%25C3%25A9jeuner-epicerie-sucr%25C3%25A9e/chocolats,-confiseries/confiseries-chocolat%25C3%25A9es/id0/698.html">Confiseries Chocolatées</a></li><li><a href="../../../petit-d%25C3%25A9jeuner-epicerie-sucr%25C3%25A9e/chocolats,-confiseries/bonbons/id0/699.html">Bonbons</a></li><li><a href="../../../petit-d%25C3%25A9jeuner-epicerie-sucr%25C3%25A9e/chocolats,-confiseries/chewing-gum/id0/700.html">Chewing Gum</a></li><li><a href="../../../petit-d%25C3%25A9jeuner-epicerie-sucr%25C3%25A9e/chocolats,-confiseries/petite-confiserie/id0/702.html">Petite Confiserie</a></li></ul></li><li><h3><a title="RR2028" rel="page-486" href="../../../id3/409/486.html">Desserts, Ingrédients</a></h3><ul class="menu"><li><a href="../../../petit-d%25C3%25A9jeuner-epicerie-sucr%25C3%25A9e/desserts,-ingr%25C3%25A9dients/sucres,-farines,-levures/id0/706.html">Sucres, Farines, Levures</a></li><li><a href="../../../petit-d%25C3%25A9jeuner-epicerie-sucr%25C3%25A9e/desserts,-ingr%25C3%25A9dients/compotes,-cr%25C3%25A8mes/id0/704.html">Compotes, Crèmes</a></li><li><a href="../../../petit-d%25C3%25A9jeuner-epicerie-sucr%25C3%25A9e/desserts,-ingr%25C3%25A9dients/desserts-%25C3%25A0-pr%25C3%25A9parer/id0/703.html">Desserts à Préparer</a></li><li><a href="../../../petit-d%25C3%25A9jeuner-epicerie-sucr%25C3%25A9e/desserts,-ingr%25C3%25A9dients/fruits-au-sirop/id0/705.html">Fruits au Sirop</a></li><li><a href="../../../petit-d%25C3%25A9jeuner-epicerie-sucr%25C3%25A9e/desserts,-ingr%25C3%25A9dients/aides-%25C3%25A0-la-p%25C3%25A2tisserie/id0/707.html">Aides à la Pâtisserie</a></li></ul></li><li><h3><a title="Bien Etre, Forme" rel="page-431988" href="../../../id3/409/431988.html">Bien Etre, Forme</a></h3><ul class="menu"><li><a href="../../../petit-d%25C3%25A9jeuner-epicerie-sucr%25C3%25A9e/bien-etre,-forme/petit-d%25C3%25A9jeuner/id0/431990.html">Petit Déjeuner</a></li><li><a href="../../../petit-d%25C3%25A9jeuner-epicerie-sucr%25C3%25A9e/bien-etre,-forme/biscuits,-go%25C3%25BBters/id0/431991.html">Biscuits, Goûters</a></li><li><a href="../../../petit-d%25C3%25A9jeuner-epicerie-sucr%25C3%25A9e/bien-etre,-forme/compl%25C3%25A9ments-alimentaires/id0/431992.html">Compléments alimentaires</a></li><li><a href="../../../petit-d%25C3%25A9jeuner-epicerie-sucr%25C3%25A9e/bien-etre,-forme/sans-gluten/id0/431993.html">Sans gluten</a></li></ul></li></ul><?xml version="1.0" encoding="UTF-8"?><a href="http://www.refonte.auchandirect.fr/rayon/511864"><img src="http://www.refonte.auchandirect.fr/static/epiceriesucree.jpg" alt="Accordez-vous une pause sucr&eacute;e !" title="Accordez-vous une pause sucr&eacute;e !" width="150" height="275" /></a>    
<div class="clear"></div></div><div class="clear"></div></div></div></div></li><li><a title="RR1008" href="476.html#">Boissons</a><div class="hovered_big_menu" id="4112"><div class="menu-panel"><div class="menu-listes-container float-container"><div class="menu-listes"><ul class="menu menu-horizontal menu_left"><li><h3><a title="RR2030" rel="page-478" href="../../../id3/411/478.html">Eaux</a></h3><ul class="menu"><li><a href="../../eaux/eaux-plates/id0/667.html">Eaux plates</a></li><li><a href="../../eaux/eaux-gazeuses/id0/663.html">Eaux gazeuses</a></li><li><a href="../../eaux/eaux-aromatis%25C3%25A9es/id0/666.html">Eaux aromatisées</a></li></ul></li><li><h3><a title="RR2031" rel="page-476" href="../../../id3/411/476.html">Jus, Softs</a></h3><ul class="menu"><li><a href="../jus-de-fruits,-l%25C3%25A9gumes/id0/672.html">Jus de fruits, Légumes</a></li><li><a href="../jus-de-fruits-frais/id0/433470.html">Jus de fruits frais</a></li><li><a href="../colas,-boissons-gazeuses/id0/671.html">Colas, Boissons gazeuses</a></li><li><a href="../boissons-aromatis%25C3%25A9es,-sirops/id0/670.html">Boissons aromatisées, Sirops</a></li><li><a href="../energ%25C3%25A9tiques,-sports/id0/431982.html">Energétiques, Sports</a></li></ul></li><li><h3><a title="RR2058" rel="page-506" href="../../../id3/411/506.html">Vins et Champagnes</a></h3><ul class="menu"><li><a href="../../vins-et-champagnes/vins-rouges/id0/822.html">Vins rouges</a></li><li><a href="../../vins-et-champagnes/vins-blancs/id0/819.html">Vins blancs</a></li><li><a href="../../vins-et-champagnes/vins-ros%25C3%25A9s/id0/821.html">Vins rosés</a></li><li><a href="../../vins-et-champagnes/champagnes-et-vins-p%25C3%25A9tillants/id0/818.html">Champagnes et vins pétillants</a></li></ul></li><li><h3><a title="RR3373" rel="page-445712" href="../../../id3/411/445712.html">Produits Salés Apéritifs</a></h3><ul class="menu"><li><a href="../../produits-sal%25C3%25A9s-ap%25C3%25A9ritifs/chips,-tuiles/id0/445713.html">Chips, Tuiles</a></li><li><a href="../../produits-sal%25C3%25A9s-ap%25C3%25A9ritifs/cacahu%25C3%25A8tes,-autres-graines/id0/445714.html">Cacahuètes, Autres Graines</a></li><li><a href="../../produits-sal%25C3%25A9s-ap%25C3%25A9ritifs/biscuits-sal%25C3%25A9s,-souffl%25C3%25A9s/id0/445715.html">Biscuits Salés, Soufflés</a></li><li><a href="../../produits-sal%25C3%25A9s-ap%25C3%25A9ritifs/autres-produits-ap%25C3%25A9ritifs/id0/445716.html">Autres Produits Apéritifs</a></li></ul></li><li><h3><a title="RR2032" rel="page-475" href="../../../id3/411/475.html">Apéritifs, Digestifs</a></h3><ul class="menu"><li><a href="../../ap%25C3%25A9ritifs,-digestifs/whiskies/id0/661.html">Whiskies</a></li><li><a href="../../ap%25C3%25A9ritifs,-digestifs/ap%25C3%25A9ritifs,-anis%25C3%25A9s/id0/662.html">Apéritifs, Anisés</a></li><li><a href="../../ap%25C3%25A9ritifs,-digestifs/digestifs/id0/658.html">Digestifs</a></li><li><a href="../../ap%25C3%25A9ritifs,-digestifs/autres-alcools/id0/431962.html">Autres alcools</a></li><li><a href="../../ap%25C3%25A9ritifs,-digestifs/sans-alcool/id0/431963.html">Sans alcool</a></li></ul></li><li><h3><a title="RR2033" rel="page-474" href="../../../id3/411/474.html">Bières, Cidres</a></h3><ul class="menu"><li><a href="../../bi%25C3%25A8res,-cidres/bi%25C3%25A8res/id0/664.html">Bières</a></li><li><a href="../../bi%25C3%25A8res,-cidres/cidres/id0/665.html">Cidres</a></li></ul></li></ul><?xml version="1.0" encoding="UTF-8"?><a href="http://www.refonte.auchandirect.fr/rayon/422512"><img src="http://www.refonte.auchandirect.fr/static/S0113_boissonscondi.jpg" alt="Pour vos boissons, pensez gros conditionnement !" title="Pour vos boissons, pensez gros conditionnement !" width="150" height="275" /></a>     
<div class="clear"></div></div><div class="clear"></div></div></div></div></li><li><a title="RR1012" href="476.html#">Bébé</a><div class="hovered_big_menu" id="4102"><div class="menu-panel"><div class="menu-listes-container float-container"><div class="menu-listes"><ul class="menu menu-horizontal menu_left"><li><h3><a title="RR2048" rel="page-490" href="../../../id3/410/490.html">Couches, Culottes</a></h3><ul class="menu"><li><a href="../../../b%25C3%25A9b%25C3%25A9/couches,-culottes/nouveau-n%25C3%25A9s/id0/718.html">Nouveau-nés</a></li><li><a href="../../../b%25C3%25A9b%25C3%25A9/couches,-culottes/3-9-kg/id0/721.html">3-9 kg</a></li><li><a href="../../../b%25C3%25A9b%25C3%25A9/couches,-culottes/7-20-kg/id0/717.html">7-20 kg</a></li><li><a href="../../../b%25C3%25A9b%25C3%25A9/couches,-culottes/11-35-kg/id0/719.html">11-35 kg</a></li><li><a href="../../../b%25C3%25A9b%25C3%25A9/couches,-culottes/culottes/id0/720.html">Culottes</a></li></ul></li><li><h3><a title="RR2047" rel="page-487" href="../../../id3/410/487.html">Laits bébé</a></h3><ul class="menu"><li><a href="../../../b%25C3%25A9b%25C3%25A9/laits-b%25C3%25A9b%25C3%25A9/croissance/id0/725.html">Croissance</a></li><li><a href="../../../b%25C3%25A9b%25C3%25A9/laits-b%25C3%25A9b%25C3%25A9/laits-1er-age/id0/722.html">Laits 1er Age</a></li><li><a href="../../../b%25C3%25A9b%25C3%25A9/laits-b%25C3%25A9b%25C3%25A9/laits-2%25C3%25A8me-age/id0/723.html">Laits 2ème Age</a></li><li><a href="../../../b%25C3%25A9b%25C3%25A9/laits-b%25C3%25A9b%25C3%25A9/laits-infantiles-bio/id0/724.html">Laits Infantiles Bio</a></li></ul></li><li><h3><a title="RR2046" rel="page-488" href="../../../id3/410/488.html">Alimentation bébé</a></h3><ul class="menu"><li><a href="../../../b%25C3%25A9b%25C3%25A9/alimentation-b%25C3%25A9b%25C3%25A9/petit-d%25C3%25A9jeuner/id0/727.html">Petit-déjeuner</a></li><li><a href="../../../b%25C3%25A9b%25C3%25A9/alimentation-b%25C3%25A9b%25C3%25A9/petits-pots,-assiettes/id0/729.html">Petits Pots, Assiettes</a></li><li><a href="../../../b%25C3%25A9b%25C3%25A9/alimentation-b%25C3%25A9b%25C3%25A9/go%25C3%25BBters,-desserts/id0/730.html">Goûters, Desserts</a></li><li><a href="../../../b%25C3%25A9b%25C3%25A9/alimentation-b%25C3%25A9b%25C3%25A9/boissons/id0/728.html">Boissons</a></li><li><a href="../../../b%25C3%25A9b%25C3%25A9/alimentation-b%25C3%25A9b%25C3%25A9/alimentation-b%25C3%25A9b%25C3%25A9-bio/id0/726.html">Alimentation Bébé Bio</a></li></ul></li><li><h3><a title="RR2049" rel="page-489" href="../../../id3/410/489.html">Toilette et Soin</a></h3><ul class="menu"><li><a href="../../../b%25C3%25A9b%25C3%25A9/toilette-et-soin/cotons,-lingettes/id0/731.html">Cotons, Lingettes</a></li><li><a href="../../../b%25C3%25A9b%25C3%25A9/toilette-et-soin/toilette/id0/732.html">Toilette</a></li><li><a href="../../../b%25C3%25A9b%25C3%25A9/toilette-et-soin/soins/id0/733.html">Soins</a></li><li><a href="../../../b%25C3%25A9b%25C3%25A9/toilette-et-soin/accessoires-de-pu%25C3%25A9riculture/id0/736.html">Accessoires de Puériculture</a></li><li><a href="../../../b%25C3%25A9b%25C3%25A9/toilette-et-soin/pour-la-maman/id0/734.html">Pour la Maman</a></li></ul></li></ul><?xml version="1.0" encoding="UTF-8"?><a href="http://www.refonte.auchandirect.fr/rayon/112962"><img src="http://www.refonte.auchandirect.fr/static/S0213bebe.jpg" alt="Auchan Baby r&eacute;gale les b&eacute;b&eacute;s" title="Auchan Baby r&eacute;gale les b&eacute;b&eacute;s" width="150" height="275" /></a>    
<div class="clear"></div></div><div class="clear"></div></div></div></div></li><li><a title="RR1001" href="476.html#">Bio<br/>Ecolo</a><div class="hovered_big_menu" id="4052"><div class="menu-panel"><div class="menu-listes-container float-container"><div class="menu-listes"><ul class="menu menu-horizontal menu_left"><li><h3><a title="RR2002" rel="page-456" href="../../../id3/405/456.html">Produits Frais et Surgelés Bio</a></h3><ul class="menu"><li><a href="../../../bio-ecolo/produits-frais-et-surgel%25C3%25A9s-bio/charcuterie,-traiteur/id0/575.html">Charcuterie,  Traiteur</a></li><li><a href="../../../bio-ecolo/produits-frais-et-surgel%25C3%25A9s-bio/fruits,-l%25C3%25A9gumes/id0/574.html">Fruits,  Légumes</a></li><li><a href="../../../bio-ecolo/produits-frais-et-surgel%25C3%25A9s-bio/laitages,-oeufs/id0/576.html">Laitages, Oeufs</a></li><li><a href="../../../bio-ecolo/produits-frais-et-surgel%25C3%25A9s-bio/surgel%25C3%25A9s/id0/577.html">Surgelés</a></li><li><a href="../../../bio-ecolo/produits-frais-et-surgel%25C3%25A9s-bio/viandes,-volailles,-poissons/id0/578.html">Viandes,  Volailles,  Poissons</a></li></ul></li><li><h3><a title="RR2003" rel="page-458" href="../../../id3/405/458.html">Epicerie Bio</a></h3><ul class="menu"><li><a href="../../../bio-ecolo/epicerie-bio/biscuits,-epicerie-sucr%25C3%25A9e/id0/567.html">Biscuits,  Epicerie Sucrée</a></li><li><a href="../../../bio-ecolo/epicerie-bio/petit-d%25C3%25A9jeuner/id0/573.html">Petit-déjeuner</a></li><li><a href="../../../bio-ecolo/epicerie-bio/conserves,-plats-cuisin%25C3%25A9s/id0/565.html">Conserves,  Plats Cuisinés</a></li><li><a href="../../../bio-ecolo/epicerie-bio/p%25C3%25A2tes,-riz,-c%25C3%25A9r%25C3%25A9ales/id0/570.html">Pâtes,  Riz,  Céréales</a></li><li><a href="../../../bio-ecolo/epicerie-bio/sauces,-condiments/id0/572.html">Sauces,  Condiments</a></li></ul></li><li><h3><a title="RR2004" rel="page-455" href="../../../id3/405/455.html">Boissons Bio</a></h3><ul class="menu"><li><a href="../../../bio-ecolo/boissons-bio/alcools/id0/554.html">Alcools</a></li><li><a href="../../../bio-ecolo/boissons-bio/jus-de-fruits,-l%25C3%25A9gumes/id0/557.html">Jus de Fruits,  Légumes</a></li><li><a href="../../../bio-ecolo/boissons-bio/lait,-soja,-riz/id0/563.html">Lait,  Soja, riz</a></li></ul></li><li><h3><a title="RR2001" rel="page-454" href="../../../id3/405/454.html">Bébé Bio</a></h3><ul class="menu"><li><a href="../../../bio-ecolo/b%25C3%25A9b%25C3%25A9-bio/alimentation-b%25C3%25A9b%25C3%25A9/id0/558.html">Alimentation Bébé</a></li><li><a href="../../../bio-ecolo/b%25C3%25A9b%25C3%25A9-bio/laits-b%25C3%25A9b%25C3%25A9/id0/556.html">Laits Bébé</a></li><li><a href="../../../bio-ecolo/b%25C3%25A9b%25C3%25A9-bio/toilette,-soins/id0/555.html">Toilette, Soins</a></li></ul></li><li><h3><a title="RR2005" rel="page-457" href="../../../id3/405/457.html">Entretien,  Hygiène Bio Ecolo</a></h3><ul class="menu"><li><a href="../../../bio-ecolo/entretien,-hygi%25C3%25A8ne-bio-ecolo/entretien/id0/559.html">Entretien</a></li><li><a href="../../../bio-ecolo/entretien,-hygi%25C3%25A8ne-bio-ecolo/soins-de-la-personne/id0/562.html">Soins de la Personne</a></li><li><a href="../../../bio-ecolo/entretien,-hygi%25C3%25A8ne-bio-ecolo/piles,-ampoules/id0/564.html">Piles, Ampoules</a></li></ul></li></ul><?xml version="1.0" encoding="UTF-8"?><a href="http://www.refonte.auchandirect.fr/rayon/82018"><img src="http://www.refonte.auchandirect.fr/static/150x275_bio.jpg" alt="" width="150" height="275" /></a>   
<div class="clear"></div></div><div class="clear"></div></div></div></div></li><li><a title="RR1010" href="476.html#">Hygiène<br/>Beauté</a><div class="hovered_big_menu" id="4122"><div class="menu-panel"><div class="menu-listes-container float-container"><div class="menu-listes"><ul class="menu menu-horizontal menu_left"><li><h3><a title="RR2038" rel="page-492" href="../../../id3/412/492.html">Corps</a></h3><ul class="menu"><li><a href="../../../hygi%25C3%25A8ne-beaut%25C3%25A9/corps/douche,-bain/id0/746.html">Douche, Bain</a></li><li><a href="../../../hygi%25C3%25A8ne-beaut%25C3%25A9/corps/savons/id0/748.html">Savons</a></li><li><a href="../../../hygi%25C3%25A8ne-beaut%25C3%25A9/corps/d%25C3%25A9odorants/id0/744.html">Déodorants</a></li><li><a href="../../../hygi%25C3%25A8ne-beaut%25C3%25A9/corps/cr%25C3%25A8mes,-soins-du-corps/id0/745.html">Crèmes, Soins du Corps</a></li><li><a href="../../../hygi%25C3%25A8ne-beaut%25C3%25A9/corps/soins-mains,-pieds/id0/751.html">Soins Mains, Pieds</a></li><li><a href="../../../hygi%25C3%25A8ne-beaut%25C3%25A9/corps/epilation-f%25C3%25A9minine/id0/750.html">Epilation Féminine</a></li><li><a href="../../../hygi%25C3%25A8ne-beaut%25C3%25A9/corps/hygi%25C3%25A8ne-intime/id0/749.html">Hygiène intime</a></li><li><a href="../../../hygi%25C3%25A8ne-beaut%25C3%25A9/corps/solaires/id0/754.html">Solaires</a></li></ul></li><li><h3><a title="RR2037" rel="page-491" href="../../../id3/412/491.html">Cheveux</a></h3><ul class="menu"><li><a href="../../../hygi%25C3%25A8ne-beaut%25C3%25A9/cheveux/shampooings/id0/743.html">Shampooings</a></li><li><a href="../../../hygi%25C3%25A8ne-beaut%25C3%25A9/cheveux/apr%25C3%25A8s-shampooings/id0/738.html">Après shampooings</a></li><li><a href="../../../hygi%25C3%25A8ne-beaut%25C3%25A9/cheveux/masques,-soins-capillaires/id0/741.html">Masques, Soins Capillaires</a></li><li><a href="../../../hygi%25C3%25A8ne-beaut%25C3%25A9/cheveux/coiffants/id0/740.html">Coiffants</a></li></ul></li><li><h3><a title="RR2036" rel="page-493" href="../../../id3/412/493.html">Visage</a></h3><ul class="menu"><li><a href="../../../hygi%25C3%25A8ne-beaut%25C3%25A9/visage/cotons,-lingettes/id0/761.html">Cotons, Lingettes</a></li><li><a href="../../../hygi%25C3%25A8ne-beaut%25C3%25A9/visage/toilette-du-visage/id0/766.html">Toilette du Visage</a></li><li><a href="../../../hygi%25C3%25A8ne-beaut%25C3%25A9/visage/soins-dentaires/id0/764.html">Soins Dentaires</a></li><li><a href="../../../hygi%25C3%25A8ne-beaut%25C3%25A9/visage/soins-du-visage/id0/767.html">Soins du Visage</a></li><li><a href="../../../hygi%25C3%25A8ne-beaut%25C3%25A9/visage/maquillage/id0/765.html">Maquillage</a></li></ul></li><li><h3><a title="Hommes" rel="page-433468" href="../../../id3/412/433468.html">Hommes</a></h3><ul class="menu"><li><a href="../../../hygi%25C3%25A8ne-beaut%25C3%25A9/hommes/rasage,-soins-hommes/id0/763.html">Rasage, Soins Hommes</a></li><li><a href="../../../hygi%25C3%25A8ne-beaut%25C3%25A9/hommes/cheveux/id0/739.html">Cheveux</a></li><li><a href="../../../hygi%25C3%25A8ne-beaut%25C3%25A9/hommes/douche,-bain/id0/747.html">Douche, Bain</a></li><li><a href="../../../hygi%25C3%25A8ne-beaut%25C3%25A9/hommes/d%25C3%25A9odorants/id0/1707.html">Déodorants</a></li></ul></li><li><h3><a title="RR2040" rel="page-494" href="../../../id3/412/494.html">Papier, Parapharmacie</a></h3><ul class="menu"><li><a href="../../../hygi%25C3%25A8ne-beaut%25C3%25A9/papier,-parapharmacie/papiers-toilette/id0/753.html">Papiers toilette</a></li><li><a href="../../../hygi%25C3%25A8ne-beaut%25C3%25A9/papier,-parapharmacie/essuie-tout/id0/752.html">Essuie-tout</a></li><li><a href="../../../hygi%25C3%25A8ne-beaut%25C3%25A9/papier,-parapharmacie/mouchoirs/id0/756.html">Mouchoirs</a></li><li><a href="../../../hygi%25C3%25A8ne-beaut%25C3%25A9/papier,-parapharmacie/parapharmacie/id0/495.html">Parapharmacie</a></li><li><a href="../../../hygi%25C3%25A8ne-beaut%25C3%25A9/papier,-parapharmacie/solaires/id0/759.html">Solaires</a></li></ul></li></ul><?xml version="1.0" encoding="UTF-8"?><a href="../../../detailProduit/-1/LV0000002179.html"><img src="http://www.refonte.auchandirect.fr/static/S0113_hygiene.jpg" alt="La promo de la semaine au rayon hygiene beaut&eacute;" title="La promo de la semaine au rayon hygiene beaut&eacute;" width="150" height="275" /></a>    
<div class="clear"></div></div><div class="clear"></div></div></div></div></li><li><a title="RR1011" href="476.html#">Entretien</a><div class="hovered_big_menu" id="4142"><div class="menu-panel"><div class="menu-listes-container float-container"><div class="menu-listes"><ul class="menu menu-horizontal menu_left"><li><h3><a title="RR2045" rel="page-499" href="../../../id3/414/499.html">Papiers</a></h3><ul class="menu"><li><a href="../../../entretien/papiers/essuies-tout/id0/775.html">Essuies tout</a></li><li><a href="../../../entretien/papiers/mouchoirs/id0/774.html">Mouchoirs</a></li><li><a href="../../../entretien/papiers/papiers-toilette/id0/776.html">Papiers toilette</a></li></ul></li><li><h3><a title="RR2041" rel="page-500" href="../../../id3/414/500.html">Soin du Linge</a></h3><ul class="menu"><li><a href="../../../entretien/soin-du-linge/lessives/id0/792.html">Lessives</a></li><li><a href="../../../entretien/soin-du-linge/assouplissants/id0/790.html">Assouplissants</a></li><li><a href="../../../entretien/soin-du-linge/aides-au-lavage/id0/788.html">Aides au Lavage</a></li></ul></li><li><h3><a title="RR2043" rel="page-497" href="../../../id3/414/497.html">Produits ménagers</a></h3><ul class="menu"><li><a href="../../../entretien/produits-m%25C3%25A9nagers/cuisine,-salle-de-bain,-javel/id0/778.html">Cuisine, Salle de bain, Javel</a></li><li><a href="../../../entretien/produits-m%25C3%25A9nagers/multi-usages/id0/784.html">Multi-usages</a></li><li><a href="../../../entretien/produits-m%25C3%25A9nagers/lingettes-nettoyantes/id0/780.html">Lingettes Nettoyantes</a></li><li><a href="../../../entretien/produits-m%25C3%25A9nagers/sols/id0/785.html">Sols</a></li><li><a href="../../../entretien/produits-m%25C3%25A9nagers/vitres,-meubles/id0/787.html">Vitres, Meubles</a></li><li><a href="../../../entretien/produits-m%25C3%25A9nagers/wc,-d%25C3%25A9boucheurs/id0/789.html">WC, Déboucheurs</a></li><li><a href="../../../entretien/produits-m%25C3%25A9nagers/produits-ecolo/id0/786.html">Produits Ecolo</a></li></ul></li><li><h3><a title="RR2042" rel="page-496" href="../../../id3/414/496.html">Vaisselle</a></h3><ul class="menu"><li><a href="../../../entretien/vaisselle/lavage-en-machine/id0/793.html">Lavage en Machine</a></li><li><a href="../../../entretien/vaisselle/liquides-vaisselle/id0/795.html">Liquides Vaisselle</a></li><li><a href="../../../entretien/vaisselle/gants,-eponges/id0/794.html">Gants, Eponges</a></li></ul></li><li><h3><a title="RR2044" rel="page-498" href="../../../id3/414/498.html">Cuisine</a></h3><ul class="menu"><li><a href="../../../entretien/cuisine/sacs-poubelle/id0/773.html">Sacs Poubelle</a></li><li><a href="../../../entretien/cuisine/aides-%25C3%25A0-la-conservation,-cuisson/id0/768.html">Aides à la Conservation, Cuisson</a></li><li><a href="../../../entretien/cuisine/bo%25C3%25AEtes-herm%25C3%25A9tiques,-vaisselle-jetable/id0/770.html">Boîtes Hermétiques, Vaisselle Jetable</a></li><li><a href="../../../entretien/cuisine/ustensiles-de-cuisine,-filtres-%25C3%25A0-caf%25C3%25A9/id0/769.html">Ustensiles de cuisine, Filtres à café</a></li><li><a href="../../../entretien/cuisine/gants,-eponges/id0/772.html">Gants, Eponges</a></li></ul></li></ul><?xml version="1.0" encoding="UTF-8"?><a href="http://www.refonte.auchandirect.fr/rayon/511866"><img src="http://www.refonte.auchandirect.fr/static/S0113_entretien.jpg" alt="Tout pour la maison" title="Tout pour la maison" width="150" height="275" /></a>    
<div class="clear"></div></div><div class="clear"></div></div></div></div></li><li><a title="RR1013" href="476.html#">Animaux<br/>Maison</a><div class="hovered_big_menu" id="4152"><div class="menu-panel"><div class="menu-listes-container float-container"><div class="menu-listes"><ul class="menu menu-horizontal menu_left"><li><h3><a title="RR2051" rel="page-501" href="../../../id3/415/501.html">Animaux</a></h3><ul class="menu"><li><a href="../../../animaux-maison/animaux/chats/id0/797.html">Chats</a></li><li><a href="../../../animaux-maison/animaux/chiens/id0/798.html">Chiens</a></li><li><a href="../../../animaux-maison/animaux/rongeurs---autres-animaux/id0/796.html">Rongeurs - Autres animaux</a></li></ul></li><li><h3><a title="RR2054" rel="page-503" href="../../../id3/415/503.html">Droguerie</a></h3><ul class="menu"><li><a href="../../../animaux-maison/droguerie/d%25C3%25A9sodorisants/id0/802.html">Désodorisants</a></li><li><a href="../../../animaux-maison/droguerie/bougies,-allumettes/id0/799.html">Bougies, Allumettes</a></li><li><a href="../../../animaux-maison/droguerie/insecticides/id0/803.html">Insecticides</a></li><li><a href="../../../animaux-maison/droguerie/cirages/id0/801.html">Cirages</a></li></ul></li><li><h3><a title="RR2055" rel="page-505" href="../../../id3/415/505.html">Maison pratique</a></h3><ul class="menu"><li><a href="../../../animaux-maison/maison-pratique/accessoires-cuisine/id0/804.html">Accessoires Cuisine</a></li><li><a href="../../../animaux-maison/maison-pratique/ampoules,-piles/id0/806.html">Ampoules, Piles</a></li><li><a href="../../../animaux-maison/maison-pratique/allumettes/id0/808.html">Allumettes</a></li><li><a href="../../../animaux-maison/maison-pratique/divers/id0/805.html">Divers</a></li></ul></li><li><h3><a title="RR2056" rel="page-504" href="../../../id3/415/504.html">Papeterie</a></h3><ul class="menu"><li><a href="../../../animaux-maison/papeterie/ecriture/id0/813.html">Ecriture</a></li><li><a href="../../../animaux-maison/papeterie/papiers,-cahiers/id0/812.html">Papiers, Cahiers</a></li><li><a href="../../../animaux-maison/papeterie/cartouches-imprimantes/id0/809.html">Cartouches imprimantes</a></li></ul></li><li><h3><a title="RR2052" rel="page-502" href="../../../id3/415/502.html">Textile</a></h3><ul class="menu"><li><a href="../../../animaux-maison/textile/collants,-leggings/id0/815.html">Collants, Leggings</a></li><li><a href="../../../animaux-maison/textile/bas,-mi-bas/id0/814.html">Bas, Mi-bas</a></li></ul></li></ul><?xml version="1.0" encoding="UTF-8"?><a href="../../../animaux-maison/animaux/liti%25C3%25A8re-compacte-hyper-absorbante/id1/501/23329.html"><img src="http://www.refonte.auchandirect.fr/static/S0113_animaux.jpg" alt="La promo des animaux" title="La promo des animaux" width="150" height="275" /></a>    
<div class="clear"></div></div><div class="clear"></div></div></div></div></li><li><a title="titre Boutiques" rel="page-boutiques" href="476.html#">Boutiques</a><div class="hovered_big_menu" id="4152"><div class="menu-panel"><div class="menu-listes-container float-container"><?xml version="1.0" encoding="UTF-8"?><div class="boutique-cont" style="background: none repeat scroll 0% 0% #ffffff; border-radius: 8px 8px 8px 8px; padding: 5px">
<div class="promo-moment" style="width: 590px; margin: 0px 0px 10px; float: left">
<h1>&Agrave; ne pas rater en ce moment</h1>
<ul>
	<li style="padding: 0px 12px; margin: 17px 0px">	
	<a style="background: none repeat scroll 0% 0% transparent ! important; border-left: medium none ! important; margin: 0px ! important; height: auto" href="http://www.refonte.auchandirect.fr/rayon/510514"><img src="http://www.refonte.auchandirect.fr/static/produitsfestifs.jpg" alt="Destockage!" /></a>	
	<h2>Destockage sur les produits festifs !</h2>	
	<p>
	Jusqu'&agrave; -50% vous attendent sur une selection de produits festifs...	
	</p>
	<a href="http://www.refonte.auchandirect.fr/rayon/510514">&gt;&gt; Voir les offres</a>	</li>	
	<li style="padding: 0px 12px; margin: 17px 0px"><a style="background: none repeat scroll 0% 0% transparent ! important; border-left: medium none ! important; margin: 0px ! important; height: auto" href="../../../rayon.customerinfos.minibasket.validatebasket%3Ft:ac=promos.html"><img src="http://www.refonte.auchandirect.fr/static/promos2013.gif" alt="Bonne Ann&eacute;e!" /> 	</a>	
	<h2>Bonne Ann&eacute;e !</h2>	
	<p>
	Retrouvez les premi&egrave;res promotions de l'ann&eacute;e...	
	</p>
	<a href="../../../rayon.customerinfos.minibasket.validatebasket%3Ft:ac=promos.html">&gt;&gt; Voir les offres</a>	</li>
</ul>
</div>
<div class="produits-a-decouvrir" style="float: right; margin: 0px 0px 10px">
<h2 style="color: #ffffff; background: none repeat scroll 0% 0% #ff7f1e; border-radius: 6px 6px 0px 0px">Je ma&icirc;trise mon budget</h2>
<ul>
	<li class="first-bord" style="float: left; border-top: 1px solid #ff7f1e ! important; padding-left: 9px">	<a style="background: none repeat scroll 0% 0% transparent ! important; border-left: medium none ! important; padding: 0px; margin: 0px ! important; float: left" href="http://www.refonte.auchandirect.fr/rayon/471412"><img src="http://www.refonte.auchandirect.fr/static/produitsauchan2.gif" alt="Produits Auchan" /></a>  	
	<div class="infos">
	<h3 style="font-size: 1.2em">Produits Auchan</h3>	
	<p style="font-size: 12px">
	Retrouvez une s&eacute;lection de pr&egrave;s de 100 produits Auchan du quotidien &agrave; petit prix	
	</p>
	<a style="border: medium none ! important; padding-left: 0px ! important" href="http://www.refonte.auchandirect.fr/rayon/471412">&gt;&gt; 	Parcourir</a>	
	</div>
	</li>	
	<li style="float: left; padding-left: 9px">	
	<a style="background: none repeat scroll 0% 0% transparent ! important; border-left: medium none ! important; padding: 0px; margin: 0px ! important; float: left" href="http://www.refonte.auchandirect.fr/rayon/82018"><img src="http://www.refonte.auchandirect.fr/static/bio1euro.gif" alt="Bioa1euro" /></a>
	<div class="infos">
	<h3 style="font-size: 1.2em">Le bio &agrave; moins d' 1 euro</h3>
	<p style="font-size: 12px">
	Restez bio toute l'ann&eacute;e sans vous ruiner !<a style="border: medium none ! important; padding-left: 0px ! important" href="http://www.refonte.auchandirect.fr/rayon/82018">&gt;&gt; D&eacute;couvrir</a>	
	</p>
	</div>
	</li>	
	<li style="float: left; padding-left: 9px">	<a style="background: none repeat scroll 0% 0% transparent ! important; border-left: medium none ! important; padding: 0px; margin: 0px ! important; float: left"><img src="http://www.refonte.auchandirect.fr/static/riketrok.gif" alt="Rik et Rok" /></a>	
	<div class="infos">
	<h3 style="font-size: 1.2em">Rik&amp;Rok</h3>	
	<p style="font-size: 12px">
	La gamme ludique et savoureuse pour le plus grand bonheur de vos enfants !	
	</p>
	<a style="border: medium none ! important; padding-left: 0px ! important" href="http://www.refonte.auchandirect.fr/rayon/562314">&gt;&gt; D&eacute;couvrir</a>	
	</div>
	</li>
</ul>
</div>
<div class="promo-bottom" style="margin: 0px ! important; overflow: hidden">
<a style="background: none repeat scroll 0% 0% transparent ! important; border-left: medium none ! important; padding: 0px; margin: 0px ! important; float: left" href="http://auchandirect.photobox.fr/content/private-sales?cid=banvpi012013"><img src="http://www.refonte.auchandirect.fr/static/photobox.jpg" alt="Auchan direct photo" /></a>
<h1 style="width: 440px">Jusqu'au 13 Janvier minuit retrouvez nos offres priv&eacute;es :<span> jusqu'&agrave; -70% !</span></h1>
<a style="border: medium none ! important" href="http://auchandirect.photobox.fr/content/private-sales?cid=banvpi012013" class="btn-offre">J'y vais !</a>
</div>
</div>
</div></div></div></li></ul></div><div><script language="javascript">
var tc_vars = new Array();
/* Partie Environnement */
tc_vars["env_template"]="Sous Rayon";
tc_vars["env_work"]="prod";
tc_vars["env_channel"]="web";
tc_vars["env_language"]="français";
tc_vars["env_country"]="France";
tc_vars["env_dnt"]="disabled";
/* Partie Users */
tc_vars["user_rcw"]="";
tc_vars["user_id"]="";
tc_vars["user_gender"]="";
tc_vars["user_category"]="";
tc_vars["user_recency"]="";
tc_vars["user_frequency"]="";
tc_vars["user_amount"]="";
tc_vars["user_smb"]="";
tc_vars["user_logged"]="0";
tc_vars["user_age"]="";
tc_vars["user_scoring"]="000";
tc_vars["user_store"]="Morangis";
tc_vars["user_postalcode"]="91420";
/* Partie Tree structure */
tc_vars["page_cat1"]="";
tc_vars["page_cat2"]="";
tc_vars["page_cat3"]="";
tc_vars["page_name"]="Courses en ligne, livraison à domicile en 24h - Auchandirect.fr";
tc_vars["page_error"]="";
/* Partie Panier */
tc_vars["order_id"]="";
tc_vars["basket_id"]="0";
tc_vars["order_amount_ati_without_sf"]="";
tc_vars["order_amount_ati_with_sf"]="";
tc_vars["order_discount_ati"]="";
tc_vars["order_ship_ati"]="";
tc_vars["order_amount_tf_without_sf"]="";
tc_vars["order_amount_tf_with_sf"]="";
tc_vars["order_discount_tf"]="";
tc_vars["order_ship_tf"]="";
tc_vars["order_newcustomer"]="";
tc_vars["order_tax"]="";
tc_vars["order_payment_methods"]="";
tc_vars["order_shipping_method"]="LAD";
tc_vars["order_status"]="";
tc_vars["order_promo_codes"]="";
tc_vars["order_currency"]="";
tc_vars["order_email"]="";
tc_vars["order_email_optin"]="";
tc_vars["order_products_number"]="0";

tc_vars["order_products"] = new Array();

/* Partie Produit */
tc_vars["product_id"]="";
tc_vars["product_id_cug"]="";
tc_vars["product_id_upsell1"]="";
tc_vars["product_id_upsell2"]="";
tc_vars["product_id_upsell3"]="";
tc_vars["product_id_crossell1"]="";
tc_vars["product_id_crossell2"]="";
tc_vars["product_id_crossell3"]="";
tc_vars["product_name"]="";
tc_vars["product_unitprice_ati"]="";
tc_vars["product_unitprice_tf"]="";
tc_vars["product_currency"]="";
tc_vars["product_trademark"]="";
tc_vars["product_url_page"]="";
tc_vars["product_url_picture"]="";
tc_vars["product_isbundle"]="";
tc_vars["product_breadcrumb_id"]="";
tc_vars["product_breadcrumb_label"]="";
tc_vars["product_rating"]="";
tc_vars["product_instock"]="";
/* Partie Liste Produit */
tc_vars["list_products"] = new Array();

tc_vars["list_products"][0] = new Array();
tc_vars["list_products"][0]["list_product_id"]="60424";
tc_vars["list_products"][0]["list_product_id_cug"]="4134";
tc_vars["list_products"][0]["list_product_id_upsell1"]="";
tc_vars["list_products"][0]["list_product_id_upsell2"]="";
tc_vars["list_products"][0]["list_product_id_upsell3"]="";
tc_vars["list_products"][0]["list_product_id_crossell1"]="";
tc_vars["list_products"][0]["list_product_id_crossell2"]="";
tc_vars["list_products"][0]["list_product_id_crossell3"]="";
tc_vars["list_products"][0]["list_product_name"]="Pur jus d'orange avec pulpe";
tc_vars["list_products"][0]["list_product_unitprice_ati"]="2.60€";
tc_vars["list_products"][0]["list_product_discount_ati"]="0.00€";
tc_vars["list_products"][0]["list_product_unitprice_tf"]="2.60€";
tc_vars["list_products"][0]["list_product_currency"]="EUR";
tc_vars["list_products"][0]["list_product_trademark"]="ANDROS";
tc_vars["list_products"][0]["list_product_url_page"]="http://www.refonte.auchandirect.fr/detailproduit/476/4134";
tc_vars["list_products"][0]["list_product_url_picture"]="http://www.refonte.auchandirect.fr/static/images/products/detail/4134.jpg";
tc_vars["list_products"][0]["list_product_isbundle"]="N";
tc_vars["list_products"][0]["list_product_breadcrumb_id"]="476";
tc_vars["list_products"][0]["list_product_breadcrumb_label"]="Jus, Softs";
tc_vars["list_products"][0]["list_product_rating"]="";
tc_vars["list_products"][0]["list_product_instock"]="N";
tc_vars["list_products"][0]["list_product_totalprice_tf"]="2.60€"
tc_vars["list_products"][0]["list_product_trademark"]="ANDROS"

tc_vars["list_products"][1] = new Array();
tc_vars["list_products"][1]["list_product_id"]="61435";
tc_vars["list_products"][1]["list_product_id_cug"]="58938";
tc_vars["list_products"][1]["list_product_id_upsell1"]="";
tc_vars["list_products"][1]["list_product_id_upsell2"]="";
tc_vars["list_products"][1]["list_product_id_upsell3"]="";
tc_vars["list_products"][1]["list_product_id_crossell1"]="";
tc_vars["list_products"][1]["list_product_id_crossell2"]="";
tc_vars["list_products"][1]["list_product_id_crossell3"]="";
tc_vars["list_products"][1]["list_product_name"]="Pur jus de clémentine avec pulpe";
tc_vars["list_products"][1]["list_product_unitprice_ati"]="3.60€";
tc_vars["list_products"][1]["list_product_discount_ati"]="0.00€";
tc_vars["list_products"][1]["list_product_unitprice_tf"]="3.60€";
tc_vars["list_products"][1]["list_product_currency"]="EUR";
tc_vars["list_products"][1]["list_product_trademark"]="ANDROS";
tc_vars["list_products"][1]["list_product_url_page"]="http://www.refonte.auchandirect.fr/detailproduit/476/58938";
tc_vars["list_products"][1]["list_product_url_picture"]="http://www.refonte.auchandirect.fr/static/images/products/detail/58938.jpg";
tc_vars["list_products"][1]["list_product_isbundle"]="N";
tc_vars["list_products"][1]["list_product_breadcrumb_id"]="476";
tc_vars["list_products"][1]["list_product_breadcrumb_label"]="Jus, Softs";
tc_vars["list_products"][1]["list_product_rating"]="";
tc_vars["list_products"][1]["list_product_instock"]="N";
tc_vars["list_products"][1]["list_product_totalprice_tf"]="3.60€"
tc_vars["list_products"][1]["list_product_trademark"]="ANDROS"

tc_vars["list_products"][2] = new Array();
tc_vars["list_products"][2]["list_product_id"]="60429";
tc_vars["list_products"][2]["list_product_id_cug"]="4137";
tc_vars["list_products"][2]["list_product_id_upsell1"]="";
tc_vars["list_products"][2]["list_product_id_upsell2"]="";
tc_vars["list_products"][2]["list_product_id_upsell3"]="";
tc_vars["list_products"][2]["list_product_id_crossell1"]="";
tc_vars["list_products"][2]["list_product_id_crossell2"]="";
tc_vars["list_products"][2]["list_product_id_crossell3"]="";
tc_vars["list_products"][2]["list_product_name"]="Pur jus de pamplemousse rose";
tc_vars["list_products"][2]["list_product_unitprice_ati"]="2.79€";
tc_vars["list_products"][2]["list_product_discount_ati"]="0.00€";
tc_vars["list_products"][2]["list_product_unitprice_tf"]="2.79€";
tc_vars["list_products"][2]["list_product_currency"]="EUR";
tc_vars["list_products"][2]["list_product_trademark"]="ANDROS";
tc_vars["list_products"][2]["list_product_url_page"]="http://www.refonte.auchandirect.fr/detailproduit/476/4137";
tc_vars["list_products"][2]["list_product_url_picture"]="http://www.refonte.auchandirect.fr/static/images/products/detail/4137.jpg";
tc_vars["list_products"][2]["list_product_isbundle"]="N";
tc_vars["list_products"][2]["list_product_breadcrumb_id"]="476";
tc_vars["list_products"][2]["list_product_breadcrumb_label"]="Jus, Softs";
tc_vars["list_products"][2]["list_product_rating"]="";
tc_vars["list_products"][2]["list_product_instock"]="N";
tc_vars["list_products"][2]["list_product_totalprice_tf"]="2.79€"
tc_vars["list_products"][2]["list_product_trademark"]="ANDROS"

tc_vars["list_products"][3] = new Array();
tc_vars["list_products"][3]["list_product_id"]="61440";
tc_vars["list_products"][3]["list_product_id_cug"]="58940";
tc_vars["list_products"][3]["list_product_id_upsell1"]="";
tc_vars["list_products"][3]["list_product_id_upsell2"]="";
tc_vars["list_products"][3]["list_product_id_upsell3"]="";
tc_vars["list_products"][3]["list_product_id_crossell1"]="";
tc_vars["list_products"][3]["list_product_id_crossell2"]="";
tc_vars["list_products"][3]["list_product_id_crossell3"]="";
tc_vars["list_products"][3]["list_product_name"]="Pur jus de raisins muscatés";
tc_vars["list_products"][3]["list_product_unitprice_ati"]="2.90€";
tc_vars["list_products"][3]["list_product_discount_ati"]="0.00€";
tc_vars["list_products"][3]["list_product_unitprice_tf"]="2.90€";
tc_vars["list_products"][3]["list_product_currency"]="EUR";
tc_vars["list_products"][3]["list_product_trademark"]="ANDROS";
tc_vars["list_products"][3]["list_product_url_page"]="http://www.refonte.auchandirect.fr/detailproduit/476/58940";
tc_vars["list_products"][3]["list_product_url_picture"]="http://www.refonte.auchandirect.fr/static/images/products/detail/58940.jpg";
tc_vars["list_products"][3]["list_product_isbundle"]="N";
tc_vars["list_products"][3]["list_product_breadcrumb_id"]="476";
tc_vars["list_products"][3]["list_product_breadcrumb_label"]="Jus, Softs";
tc_vars["list_products"][3]["list_product_rating"]="";
tc_vars["list_products"][3]["list_product_instock"]="N";
tc_vars["list_products"][3]["list_product_totalprice_tf"]="2.90€"
tc_vars["list_products"][3]["list_product_trademark"]="ANDROS"

tc_vars["list_products"][4] = new Array();
tc_vars["list_products"][4]["list_product_id"]="61439";
tc_vars["list_products"][4]["list_product_id_cug"]="58939";
tc_vars["list_products"][4]["list_product_id_upsell1"]="";
tc_vars["list_products"][4]["list_product_id_upsell2"]="";
tc_vars["list_products"][4]["list_product_id_upsell3"]="";
tc_vars["list_products"][4]["list_product_id_crossell1"]="";
tc_vars["list_products"][4]["list_product_id_crossell2"]="";
tc_vars["list_products"][4]["list_product_id_crossell3"]="";
tc_vars["list_products"][4]["list_product_name"]="Jus de pommes pressées";
tc_vars["list_products"][4]["list_product_unitprice_ati"]="2.60€";
tc_vars["list_products"][4]["list_product_discount_ati"]="0.00€";
tc_vars["list_products"][4]["list_product_unitprice_tf"]="2.60€";
tc_vars["list_products"][4]["list_product_currency"]="EUR";
tc_vars["list_products"][4]["list_product_trademark"]="ANDROS";
tc_vars["list_products"][4]["list_product_url_page"]="http://www.refonte.auchandirect.fr/detailproduit/476/58939";
tc_vars["list_products"][4]["list_product_url_picture"]="http://www.refonte.auchandirect.fr/static/images/products/detail/58939.jpg";
tc_vars["list_products"][4]["list_product_isbundle"]="N";
tc_vars["list_products"][4]["list_product_breadcrumb_id"]="476";
tc_vars["list_products"][4]["list_product_breadcrumb_label"]="Jus, Softs";
tc_vars["list_products"][4]["list_product_rating"]="";
tc_vars["list_products"][4]["list_product_instock"]="N";
tc_vars["list_products"][4]["list_product_totalprice_tf"]="2.60€"
tc_vars["list_products"][4]["list_product_trademark"]="ANDROS"

/* Partie Recherche */
tc_vars["search_keywords"]="";
tc_vars["search_page_number"]="";
tc_vars["search_results_number"]="";
tc_vars["search_filters"]="";
</script><script src="http://www.refonte.auchandirect.fr/static/scripts/tc_AuchanDirect_1.js" type="text/javascript"></script><NOSCRIPT><IFRAME height="1" width="1" src="http://redirect234.tagcommander.com/utils/noscript.php?id=1&amp;mode=iframe"></IFRAME></NOSCRIPT></div><div class="float-container" id="content"><div class="top-content float-container"><div class="main-content"><div class="float-container" id="breadcrumb"><div id="breadcrumb-container"><form onsubmit="javascript:Tapestry.waitForPage(event);" action="http://www.refonte.auchandirect.fr/rayon.breadcrumbcategory.breadselectform" method="post" id="breadSelectForm" name="breadSelectForm"><div class="t-invisible"><input value="476" name="t:ac" type="hidden"></input><input value="H4sIAAAAAAAAAFvzloG1XJ5BNiixMj/PKqkoNTEluag0Nyk5sSQ1Pb+oUi8nP7+guIhBL78oXS+xIDE5I1WvJLEgtbikqNJULzm/KDUnMwlI5xbk56XmlRTr+QDVq5jq+p+8pslQfZKJgaGigPrmG0Y+Wfs5bfvlhUSb70eS+UFAeaBUcAnQFLei/NxgEC/FOScTqCQsMac0VXf6oSsdDAp/mRgYfRi4kxESJQxCPlmJZYn6OYl56frBJUWZeenWFQUlDG5AO/QSS/KLy/OLclJyMvNS9Yoy9RJLkzMS8/RSMotSk0v00ory80r0UhJLEvWcQD5xBvkkJD87Nc/BOC3JMiUpMZX6YWnyqSBN011stT2N4srMQOCDRdySHluw+QBgyiQ2cAIAAA==" name="t:formdata" type="hidden"></input></div><p class="menu-horizontal"><a href="../../../loadswitcher.html">Accueil</a> &gt;
</p><input style="display:none;" id="breadSelectFormSubmit" type="submit"></input></form></div></div><!-- zone edit - Bannière haute --><div class="zone-admin diff-zone"></div><!-- DEBUT DE LA BARRE TITRE --><!-- div id="wrap-liste-produits-nav" class="">
						<div id="liste-produits-nav" class="clear-container float-container">
					
							
							
							<div id="liste-produits-tri" class="float-container">
							
							<div class="titre-produits">
								<h2>
									<span class="titre-principal">
										<t:outputraw value="categoryTitle" />
									</span>
									<span class="titre-secondaire"> ${nbProductsMsg}</span>
								</h2>
							</div>
							
							<t:zone t:id="headerListZone" t:update="show">
							<form t:type="form" t:id="sortForm" t:zone="productListZone" t:autofocus="false">
							<p class="liste-produits-choix-affichage" t:type="zone" t:update="show" id="productDisplayTypeZone">
									<p class="liste-produits-choix-affichage">
										<select t:type="select" t:id="sort" class="form-select" t:blankOption="NEVER" onChange="document.getElementById('sortBySubmit').click();" />
										<input type="submit" id="sortBySubmit" style="display:none;" />
										
										<a t:type="actionlink" t:id="list" t:zone="productListZone" class="bt-liste ${pdtDisplayListStyle}">${message:category.display.type.list}</a>
										<a t:type="actionlink" t:id="thumbnail" t:zone="productListZone" class="bt-grille ${pdtDisplayGridStyle}">${message:category.display.type.thumbnail}</a>
									</p>
								</p>
								</form>
								
								</t:zone>
								
								
							</div>
							
							<ul t:type="zone" id="labelZone" t:update="show" class="liste-produits-menu menu menu-horizontal clear-container">
								<t:delegate to="labelBlock" / --><!-- liste des capsules de tri (marques) --><!-- t:block t:id="labelBlock">
									
									<li class="item">
									<t:if test="isAllSubCatActive">
											<a class="active">${message:category.sub.all}</a>
										<p:else>
											<a t:type="actionlink" t:zone="labelZone" t:id="showAll">${message:category.sub.all}</a>
										</p:else>
									</t:if>
									</li>	
										
									<t:if test="specificCategory">
										<t:loop source="categoriesAll" value="cat">
											<li class="item">
												<t:if test="isCatDisable">
													<a class="non_active">${cat.label}</a>
												<p:else>
													<t:if test="isCatActive">
														<a class="active">${cat.label}</a>
													<p:else>
														<a t:type="actionlink" t:zone="labelZone" t:id="viewCat" t:context="cat.shelfId">${cat.label}</a>
													</p:else>
													</t:if>
												</p:else>
												</t:if>
											</li>
										</t:loop>
									</t:if>	
										
									<t:unless test="specificCategory">
										<t:loop source="subCategories" value="subCat">
											<li class="item">
												<t:if test="isSubCatDisable">
													<a class="non_active">${subCat.label}</a>
												<p:else>
													<t:if test="isSubCatActive">
														<a class="active">${subCat.label}</a>
													<p:else>
														<a t:type="actionlink" t:zone="labelZone" t:id="viewSubCat" t:context="subCat.shelfId">${subCat.label}</a>
													</p:else>
													</t:if>
												</p:else>
												</t:if>
											</li>
										</t:loop>
										
										<t:if test="hasBioFilter">
											<li class="bio">
												<a t:type="actionlink" t:zone="labelZone" t:id="bioLabel">${message:category.label.bio}</a>
											</li>
										</t:if>
										
									</t:unless>
									
								<t:if test="showPromo">
									<t:if test="isPromoCatActive">
										<li class="item caseprom">
											<a class="menu-top-promos activo" title="promos">${message:specificcategory.promotions}</a>
										</li>
									<p:else>
										<li class="item">
											<a class="menu-top-promos" title="promos" t:type="actionlink" t:zone="productListZone" t:id="filterPromos">${message:specificcategory.promotions}</a>
										</li>
									</p:else>
									</t:if>
									<p:else>
										<t:if test="isNotPromoPage">
											<li class="item">
												<a class="non_active" title="promos">${message:specificcategory.promotions}</a>
											</li>
										</t:if>
									</p:else>
								</t:if>
								
								<t:if test="showNews">
									<t:if test="isNewsCatActive">
										<li class="item">
											<a class="menu-top-nouveautes activon" title="nouveautes">${message:specificcategory.news}</a>
										</li>
									<p:else>
										<li class="item">
											<a class="menu-top-nouveautes" title="nouveautes" t:type="actionlink" t:zone="productListZone" t:id="filterNews">${message:specificcategory.news}</a>
										</li>
									</p:else>
									</t:if>
									<p:else>
										<t:if test="isNotNewsPage">
											<li class="item">
												<a class="non_active" title="nouveautes">${message:specificcategory.news}</a>
											</li>
										</t:if>
									</p:else>
								</t:if>
								
								<t:if test="showPdtAuchan">
									<t:if test="isAuchanCatActive">
										<li class="item">
											<a class="menu-top-produits-auchan activen" title="produits Auchan">${message:specificcategory.retailer_brand}</a>
										</li>
										<p:else>
											<li class="item">
												<a class="menu-top-produits-auchan" title="produits Auchan" t:type="actionlink" t:zone="productListZone" t:id="filterAuchan">${message:specificcategory.retailer_brand}</a>
											</li>
										</p:else>
									</t:if>
									<p:else>
										<t:if test="isNotAuchanPage">
											<li class="item">
												<a class="non_active" title="produits Auchan">${message:specificcategory.retailer_brand}</a>
											</li>
										</t:if>
									</p:else>
								</t:if>
								</t:block>
						</ul>
						</div>
						
						<div class="clear"></div>
						
						<t:zone t:id="moreProductListZone" t:update="show">
						<t:if test="!specificCategory">
								<t:if test="brands">
										<t:if test="isBrandFilterExpanded">
											<p class="link_hide_marque" style="display: block;">
											<a t:type="actionlink" t:zone="labelZone" t:id="hideAllBrands" title="${message:category.brands.hide.title}">${maskAllBrandsLink}</a>
											<img src="/static/images/down_arrow.png" />
											</p>
											
												<ul id="" class="liste-produits-menu menu menu-horizontal clear-container marques_liste" style="display: block;">
													<t:loop source="brands" value="brand">
														<li class="item">
															<t:if test="isBrandDisable">
																<a class="non_active">${brand}</a>
															<p:else>
																<t:if test="isBrandActive">
																	<a class="active">${brand}</a>
																<p:else>
																	<a t:type="actionlink" t:zone="labelZone" t:id="viewBrand" t:context="brand">${brand}</a>
																</p:else>
																</t:if>
															</p:else>
															</t:if>
														</li>
													</t:loop>
												</ul>
											
										<p:else>
											<p class="link_show_marque" style="display: block;">
											<a t:type="actionlink" t:zone="labelZone" t:id="viewAllBrands" title="${viewAllBrandsTitle}">${viewAllBrandsLink}</a>
											<img src="/static/images/down_arrow.png" />
											</p>
										</p:else>
										</t:if>
								</t:if>
							</t:if>
						</t:zone>
						
						</div --><!-- FIN DE LA BARRE TITRE --><div><!-- ***************** DEBUT DU BLOC TITRE ***************** --><div class="" id="wrap-liste-produits-nav"><div class="clear-container float-container" id="liste-produits-nav"><div class="float-container" id="liste-produits-tri"><div class="titre-produits"><h1><span class="titre-principal">Jus, Softs</span><span class="titre-secondaire"> - 271 produits</span></h1></div><div class="t-zone" id="headerListZone"><form onsubmit="javascript:Tapestry.waitForPage(event);" action="http://www.refonte.auchandirect.fr/rayon.productgridorlist.sortform" method="post" id="sortForm" name="sortForm"><div class="t-invisible"><input value="476" name="t:ac" type="hidden"></input><input value="H4sIAAAAAAAAAJXOMZJBQRCA4aaIZKpkWxuRjoTERhKR2lJeOUC/eeMZNaanuvvtchknUC4hkLnDHmBTkQA3IP2T/zv8Q/P3Ez7muKM4SkxFZbVkXxAHL2qEWIVhSFwaTGhXzigmJ8q7obHELvjc5CjOjPNHRKsT70LRzZxWqbc4tf4651sdalNoWYrKFL5x4xTa0zX+YD9gLPuZso/l1zYpNJ6/Fzzjdz0zJutEsirfeBFP8XQsBsvr/lIH2KY7aUKP/AYBAAA=" name="t:formdata" type="hidden"></input></div><p class="liste-produits-choix-affichage t-zone" id="productDisplayTypeZone"><p class="liste-produits-choix-affichage"><select onChange="document.getElementById('sortBySubmit').click();" class="form-select" id="sort" name="sort"><option selected="selected" value="MARQUE_ASC">Trier par marque A-Z</option><option value="MARQUE_DESC">Trier par marque Z-A</option><option value="PRICE_ASC">Trier du moins cher au plus cher</option><option value="PRICE_DESC">Trier du plus cher au moins cher</option><option value="PRICEQTE_ASC">Trier par prix/quantité croissant</option><option value="PRICEQTE_DESC">Trier par prix/quantité décroissant</option></select><img id="sort-icon" class="t-error-icon t-invisible" alt="" src="http://www.refonte.auchandirect.fr/assets/tapestry/5.1.0.5/spacer.gif"/><input style="display: none;" id="sortBySubmit" type="submit"></input><a id="list" onclick="javascript:Tapestry.waitForPage(event);" class="bt-liste " href="http://www.refonte.auchandirect.fr/rayon.productgridorlist.list?t:ac=476">en liste</a><a id="thumbnail" onclick="javascript:Tapestry.waitForPage(event);" class="bt-grille active" href="http://www.refonte.auchandirect.fr/rayon.productgridorlist.thumbnail?t:ac=476">en grille</a></p></p></form></div></div><ul class="liste-produits-menu menu menu-horizontal clear-container t-zone" id="labelZone"><li class="item"><a class="active">TOUS</a></li><li class="item"><a id="viewSubCat" onclick="javascript:Tapestry.waitForPage(event);" href="http://www.refonte.auchandirect.fr/rayon.productgridorlist.viewsubcat/672?t:ac=476">Jus de fruits, Légumes</a></li><li class="item"><a id="viewSubCat_0" onclick="javascript:Tapestry.waitForPage(event);" href="http://www.refonte.auchandirect.fr/rayon.productgridorlist.viewsubcat/433470?t:ac=476">Jus de fruits frais</a></li><li class="item"><a id="viewSubCat_1" onclick="javascript:Tapestry.waitForPage(event);" href="http://www.refonte.auchandirect.fr/rayon.productgridorlist.viewsubcat/671?t:ac=476">Colas, Boissons gazeuses</a></li><li class="item"><a id="viewSubCat_2" onclick="javascript:Tapestry.waitForPage(event);" href="http://www.refonte.auchandirect.fr/rayon.productgridorlist.viewsubcat/670?t:ac=476">Boissons aromatisées, Sirops</a></li><li class="item"><a id="viewSubCat_3" onclick="javascript:Tapestry.waitForPage(event);" href="http://www.refonte.auchandirect.fr/rayon.productgridorlist.viewsubcat/431982?t:ac=476">Energétiques, Sports</a></li><li class="item"><a id="filterPromos" onclick="javascript:Tapestry.waitForPage(event);" title="promos" class="menu-top-promos" href="http://www.refonte.auchandirect.fr/rayon.productgridorlist.filterpromos?t:ac=476">Promotions</a></li><li class="item"><a title="nouveautes" class="non_active">Nouveautés</a></li><li class="item"><a id="filterAuchan" onclick="javascript:Tapestry.waitForPage(event);" title="produits Auchan" class="menu-top-produits-auchan" href="http://www.refonte.auchandirect.fr/rayon.productgridorlist.filterauchan?t:ac=476">Produits Auchan</a></li><!-- liste des capsules de tri (marques) --></ul></div><div class="clear"></div><div class="t-zone" id="moreProductListZone"><p style="display: block;" class="link_show_marque"><a id="viewAllBrands" onclick="javascript:Tapestry.waitForPage(event);" title="Voir les 46 éléments supplémentaires" href="http://www.refonte.auchandirect.fr/rayon.productgridorlist.viewallbrands?t:ac=476">Afficher les 46 marques</a><img src="http://www.refonte.auchandirect.fr/static/images/down_arrow.png"/></p></div></div><!-- ***************** FIN DU BLOC TITRE ***************** --><div class="t-zone" id="productListZone"><div class="liste clear-container" id="liste-produits-grille"><table><tr><td><!-- PL : ici --><div class="bloc-produit  bientot-dispo"><div class="bloc-produit-content"><a title="Voir le produit" href="../pur-jus-d'orange-avec-pulpe/id1/476/4134.html"><img src="http://www.refonte.auchandirect.fr/static/images/products/line/4134.jpg" alt="" class="produit "/></a><div class="picto"><span class="invisible"></span></div><div class="boutons-produit"><a class="bt-produit-ajout-panier disable" title="Bientôt disponible" href="javascript:void(0)">Bientôt disponible</a><a id="addProductToShoppingList" onclick="javascript:Tapestry.waitForPage(event);" title="Ajouter à ma liste" class="bt-produit-ajout-liste" href="http://www.refonte.auchandirect.fr/rayon.productgridorlist.productlist_1.thumbnailproduct_0.addproducttoshoppinglist/4134?t:ac=476">Ajouter à ma liste</a></div><div class="infos-produit-1"><div class="prix-actuel"><span>2.60€</span></div></div><div class="infos-produit-2"><a title="Voir le produit" href="../pur-jus-d'orange-avec-pulpe/id1/476/4134.html"><h2>ANDROS</h2><h4>Pur jus d'orange avec pulpe</h4><h4>Orange</h4><p>
1 l
<br/>
2.60€/l
</p></a></div><div class="mini_picto_bas"><img alt="frais" src="http://www.refonte.auchandirect.fr/static/images/frais_small.jpg"/><img src="http://www.refonte.auchandirect.fr/static/images/DLC-garantie-6j_small.jpg"/></div></div></div></td><td><!-- PL : ici --><div class="bloc-produit  bientot-dispo"><div class="bloc-produit-content"><a title="Voir le produit" href="../pur-jus-de-cl%25C3%25A9mentine-avec-pulpe/id1/476/58938.html"><img src="http://www.refonte.auchandirect.fr/static/images/products/line/58938.jpg" alt="" class="produit "/></a><div class="picto"><span class="invisible"></span></div><div class="boutons-produit"><a class="bt-produit-ajout-panier disable" title="Bientôt disponible" href="javascript:void(0)">Bientôt disponible</a><a id="addProductToShoppingList_0" onclick="javascript:Tapestry.waitForPage(event);" title="Ajouter à ma liste" class="bt-produit-ajout-liste" href="http://www.refonte.auchandirect.fr/rayon.productgridorlist.productlist_1.thumbnailproduct_0.addproducttoshoppinglist/58938?t:ac=476">Ajouter à ma liste</a></div><div class="infos-produit-1"><div class="prix-actuel"><span>3.60€</span></div></div><div class="infos-produit-2"><a title="Voir le produit" href="../pur-jus-de-cl%25C3%25A9mentine-avec-pulpe/id1/476/58938.html"><h2>ANDROS</h2><h4>Pur jus de clémentine avec pulpe</h4><h4></h4><p>
1,5 l
<br/>
2.40€/l
</p></a></div><div class="mini_picto_bas"><img alt="frais" src="http://www.refonte.auchandirect.fr/static/images/frais_small.jpg"/><img src="http://www.refonte.auchandirect.fr/static/images/DLC-garantie-6j_small.jpg"/></div></div></div></td><td><!-- PL : ici --><div class="bloc-produit  bientot-dispo"><div class="bloc-produit-content"><a title="Voir le produit" href="../pur-jus-de-pamplemousse-rose/id1/476/4137.html"><img src="http://www.refonte.auchandirect.fr/static/images/products/line/4137.jpg" alt="" class="produit "/></a><div class="picto"><span class="invisible"></span></div><div class="boutons-produit"><a class="bt-produit-ajout-panier disable" title="Bientôt disponible" href="javascript:void(0)">Bientôt disponible</a><a id="addProductToShoppingList_1" onclick="javascript:Tapestry.waitForPage(event);" title="Ajouter à ma liste" class="bt-produit-ajout-liste" href="http://www.refonte.auchandirect.fr/rayon.productgridorlist.productlist_1.thumbnailproduct_0.addproducttoshoppinglist/4137?t:ac=476">Ajouter à ma liste</a></div><div class="infos-produit-1"><div class="prix-actuel"><span>2.79€</span></div></div><div class="infos-produit-2"><a title="Voir le produit" href="../pur-jus-de-pamplemousse-rose/id1/476/4137.html"><h2>ANDROS</h2><h4>Pur jus de pamplemousse rose</h4><h4></h4><p>
1 l
<br/>
2.79€/l
</p></a></div><div class="mini_picto_bas"><img alt="frais" src="http://www.refonte.auchandirect.fr/static/images/frais_small.jpg"/><img src="http://www.refonte.auchandirect.fr/static/images/DLC-garantie-6j_small.jpg"/></div></div></div></td></tr><tr><td><!-- PL : ici --><div class="bloc-produit  bientot-dispo"><div class="bloc-produit-content"><a title="Voir le produit" href="../pur-jus-de-raisins-muscat%25C3%25A9s/id1/476/58940.html"><img src="http://www.refonte.auchandirect.fr/static/images/products/line/58940.jpg" alt="" class="produit "/></a><div class="picto"><span class="invisible"></span></div><div class="boutons-produit"><a class="bt-produit-ajout-panier disable" title="Bientôt disponible" href="javascript:void(0)">Bientôt disponible</a><a id="addProductToShoppingList_2" onclick="javascript:Tapestry.waitForPage(event);" title="Ajouter à ma liste" class="bt-produit-ajout-liste" href="http://www.refonte.auchandirect.fr/rayon.productgridorlist.productlist_1.thumbnailproduct_0.addproducttoshoppinglist/58940?t:ac=476">Ajouter à ma liste</a></div><div class="infos-produit-1"><div class="prix-actuel"><span>2.90€</span></div></div><div class="infos-produit-2"><a title="Voir le produit" href="../pur-jus-de-raisins-muscat%25C3%25A9s/id1/476/58940.html"><h2>ANDROS</h2><h4>Pur jus de raisins muscatés</h4><h4></h4><p>
1 l
<br/>
2.90€/l
</p></a></div><div class="mini_picto_bas"><img alt="frais" src="http://www.refonte.auchandirect.fr/static/images/frais_small.jpg"/><img src="http://www.refonte.auchandirect.fr/static/images/DLC-garantie-6j_small.jpg"/></div></div></div></td><td><!-- PL : ici --><div class="bloc-produit  bientot-dispo"><div class="bloc-produit-content"><a title="Voir le produit" href="../jus-de-pommes-press%25C3%25A9es/id1/476/58939.html"><img src="http://www.refonte.auchandirect.fr/static/images/products/line/58939.jpg" alt="" class="produit "/></a><div class="picto"><span class="invisible"></span></div><div class="boutons-produit"><a class="bt-produit-ajout-panier disable" title="Bientôt disponible" href="javascript:void(0)">Bientôt disponible</a><a id="addProductToShoppingList_3" onclick="javascript:Tapestry.waitForPage(event);" title="Ajouter à ma liste" class="bt-produit-ajout-liste" href="http://www.refonte.auchandirect.fr/rayon.productgridorlist.productlist_1.thumbnailproduct_0.addproducttoshoppinglist/58939?t:ac=476">Ajouter à ma liste</a></div><div class="infos-produit-1"><div class="prix-actuel"><span>2.60€</span></div></div><div class="infos-produit-2"><a title="Voir le produit" href="../jus-de-pommes-press%25C3%25A9es/id1/476/58939.html"><h2>ANDROS</h2><h4>Jus de pommes pressées</h4><h4></h4><p>
1 l
<br/>
2.60€/l
</p></a></div><div class="mini_picto_bas"><img alt="frais" src="http://www.refonte.auchandirect.fr/static/images/frais_small.jpg"/><img src="http://www.refonte.auchandirect.fr/static/images/DLC-garantie-6j_small.jpg"/></div></div></div></td><td><!-- PL : ici --><div class="bloc-produit "><div class="bloc-produit-content"><a title="Voir le produit" href="http://www.refonte.auchandirect.fr/boissons/jus,-softs/concentré-de-réglisse/id1/476/39953"><img src="http://www.refonte.auchandirect.fr/static/images/products/line/39953.jpg" alt="" class="produit "/></a><div class="picto"><span class="invisible"></span></div><div class="boutons-produit"><a id="addProductToBasket" onclick="javascript:Tapestry.waitForPage(event);" title="Ajouter au panier" class="bt-produit-ajout-panier" href="http://www.refonte.auchandirect.fr/rayon.productgridorlist.productlist_1.thumbnailproduct_0.addproducttobasket/39953?t:ac=476">Ajouter au panier</a><a id="addProductToShoppingList_4" onclick="javascript:Tapestry.waitForPage(event);" title="Ajouter à ma liste" class="bt-produit-ajout-liste" href="http://www.refonte.auchandirect.fr/rayon.productgridorlist.productlist_1.thumbnailproduct_0.addproducttoshoppinglist/39953?t:ac=476">Ajouter à ma liste</a></div><div class="infos-produit-1"><div class="prix-actuel"><span>4.02€</span></div></div><div class="infos-produit-2"><a title="Voir le produit" href="http://www.refonte.auchandirect.fr/boissons/jus,-softs/concentré-de-réglisse/id1/476/39953"><h2>ANTESITE</h2><h4>Concentré de réglisse</h4><h4></h4><p>
130 ml
<br/>
30.92€/l
</p></a></div><div class="mini_picto_bas"></div></div></div></td></tr><tr><td><!-- PL : ici --><div class="bloc-produit produit-auchan bientot-dispo"><div class="bloc-produit-content"><a title="Voir le produit" href="../pur-jus-d'orange-avec-pulpe/id1/476/4130.html"><img src="http://www.refonte.auchandirect.fr/static/images/products/line/4130.jpg" alt="" class="produit "/></a><div class="picto"><span class="invisible"></span></div><div class="boutons-produit"><a class="bt-produit-ajout-panier disable" title="Bientôt disponible" href="javascript:void(0)">Bientôt disponible</a><a id="addProductToShoppingList_5" onclick="javascript:Tapestry.waitForPage(event);" title="Ajouter à ma liste" class="bt-produit-ajout-liste" href="http://www.refonte.auchandirect.fr/rayon.productgridorlist.productlist_1.thumbnailproduct_0.addproducttoshoppinglist/4130?t:ac=476">Ajouter à ma liste</a></div><div class="infos-produit-1"><div class="prix-actuel"><span>1.95€</span></div></div><div class="infos-produit-2"><a title="Voir le produit" href="../pur-jus-d'orange-avec-pulpe/id1/476/4130.html"><h2>AUCHAN</h2><h4>Pur jus d'orange avec pulpe</h4><h4></h4><p>
1 l
<br/>
1.95€/l
</p></a></div><div class="mini_picto_bas"><img alt="frais" src="http://www.refonte.auchandirect.fr/static/images/frais_small.jpg"/><img src="http://www.refonte.auchandirect.fr/static/images/DLC-garantie-6j_small.jpg"/></div></div></div></td><td><!-- PL : ici --><div class="bloc-produit produit-auchan bientot-dispo"><div class="bloc-produit-content"><a title="Voir le produit" href="../pur-jus-d'orange-avec-pulpe/id1/476/34421.html"><img src="http://www.refonte.auchandirect.fr/static/images/products/line/34421.jpg" alt="" class="produit "/></a><div class="picto"><span class="invisible"></span></div><div class="boutons-produit"><a class="bt-produit-ajout-panier disable" title="Bientôt disponible" href="javascript:void(0)">Bientôt disponible</a><a id="addProductToShoppingList_6" onclick="javascript:Tapestry.waitForPage(event);" title="Ajouter à ma liste" class="bt-produit-ajout-liste" href="http://www.refonte.auchandirect.fr/rayon.productgridorlist.productlist_1.thumbnailproduct_0.addproducttoshoppinglist/34421?t:ac=476">Ajouter à ma liste</a></div><div class="infos-produit-1"><div class="prix-actuel"><span>3.30€</span></div></div><div class="infos-produit-2"><a title="Voir le produit" href="../pur-jus-d'orange-avec-pulpe/id1/476/34421.html"><h2>AUCHAN</h2><h4>Pur jus d'orange avec pulpe</h4><h4></h4><p>
1,75 l
<br/>
1.89€/l
</p></a></div><div class="mini_picto_bas"><img alt="frais" src="http://www.refonte.auchandirect.fr/static/images/frais_small.jpg"/><img src="http://www.refonte.auchandirect.fr/static/images/DLC-garantie-6j_small.jpg"/></div></div></div></td><td><!-- PL : ici --><div class="bloc-produit produit-auchan bientot-dispo"><div class="bloc-produit-content"><a title="Voir le produit" href="../pur-jus-d'orange-sans-pulpe/id1/476/58941.html"><img src="http://www.refonte.auchandirect.fr/static/images/products/line/58941.jpg" alt="" class="produit "/></a><div class="picto"><span class="invisible"></span></div><div class="boutons-produit"><a class="bt-produit-ajout-panier disable" title="Bientôt disponible" href="javascript:void(0)">Bientôt disponible</a><a id="addProductToShoppingList_7" onclick="javascript:Tapestry.waitForPage(event);" title="Ajouter à ma liste" class="bt-produit-ajout-liste" href="http://www.refonte.auchandirect.fr/rayon.productgridorlist.productlist_1.thumbnailproduct_0.addproducttoshoppinglist/58941?t:ac=476">Ajouter à ma liste</a></div><div class="infos-produit-1"><div class="prix-actuel"><span>1.99€</span></div></div><div class="infos-produit-2"><a title="Voir le produit" href="../pur-jus-d'orange-sans-pulpe/id1/476/58941.html"><h2>AUCHAN</h2><h4>Pur jus d'orange sans pulpe</h4><h4></h4><p>
1 l
<br/>
1.99€/l
</p></a></div><div class="mini_picto_bas"><img alt="frais" src="http://www.refonte.auchandirect.fr/static/images/frais_small.jpg"/><img src="http://www.refonte.auchandirect.fr/static/images/DLC-garantie-6j_small.jpg"/></div></div></div></td></tr><tr><td><!-- PL : ici --><div class="bloc-produit produit-auchan"><div class="bloc-produit-content"><a title="Voir le produit" href="http://www.refonte.auchandirect.fr/boissons/jus,-softs/pur-jus-d'orange-pressées-avec-pulpe/id1/476/27913"><img src="http://www.refonte.auchandirect.fr/static/images/products/line/27913.jpg" alt="" class="produit "/></a><div class="picto"><span class="invisible"></span></div><div class="boutons-produit"><a id="addProductToBasket_0" onclick="javascript:Tapestry.waitForPage(event);" title="Ajouter au panier" class="bt-produit-ajout-panier" href="http://www.refonte.auchandirect.fr/rayon.productgridorlist.productlist_1.thumbnailproduct_0.addproducttobasket/27913?t:ac=476">Ajouter au panier</a><a id="addProductToShoppingList_8" onclick="javascript:Tapestry.waitForPage(event);" title="Ajouter à ma liste" class="bt-produit-ajout-liste" href="http://www.refonte.auchandirect.fr/rayon.productgridorlist.productlist_1.thumbnailproduct_0.addproducttoshoppinglist/27913?t:ac=476">Ajouter à ma liste</a></div><div class="infos-produit-1"><div class="prix-actuel"><span>2.49€</span></div></div><div class="infos-produit-2"><a title="Voir le produit" href="http://www.refonte.auchandirect.fr/boissons/jus,-softs/pur-jus-d'orange-pressées-avec-pulpe/id1/476/27913"><h2>AUCHAN</h2><h4>Pur jus d'orange pressées avec pulpe</h4><h4></h4><p>
2 l
<br/>
1.25€/l
</p></a></div><div class="mini_picto_bas"></div></div></div></td><td><!-- PL : ici --><div class="bloc-produit produit-auchan"><div class="bloc-produit-content"><a title="Voir le produit" href="http://www.refonte.auchandirect.fr/boissons/jus,-softs/jus-d'orange-avec-pulpe/id1/476/2309"><img src="http://www.refonte.auchandirect.fr/static/images/products/line/2309.jpg" alt="" class="produit "/></a><div class="picto"><span class="invisible"></span></div><div class="boutons-produit"><a id="addProductToBasket_1" onclick="javascript:Tapestry.waitForPage(event);" title="Ajouter au panier" class="bt-produit-ajout-panier" href="http://www.refonte.auchandirect.fr/rayon.productgridorlist.productlist_1.thumbnailproduct_0.addproducttobasket/2309?t:ac=476">Ajouter au panier</a><a id="addProductToShoppingList_9" onclick="javascript:Tapestry.waitForPage(event);" title="Ajouter à ma liste" class="bt-produit-ajout-liste" href="http://www.refonte.auchandirect.fr/rayon.productgridorlist.productlist_1.thumbnailproduct_0.addproducttoshoppinglist/2309?t:ac=476">Ajouter à ma liste</a></div><div class="infos-produit-1"><div class="prix-actuel"><span>0.90€</span></div></div><div class="infos-produit-2"><a title="Voir le produit" href="http://www.refonte.auchandirect.fr/boissons/jus,-softs/jus-d'orange-avec-pulpe/id1/476/2309"><h2>AUCHAN</h2><h4>Jus d'orange avec pulpe</h4><h4></h4><p>
1 l
<br/>
0.90€/l
</p></a></div><div class="mini_picto_bas"></div></div></div></td><td><!-- PL : ici --><div class="bloc-produit produit-auchan"><div class="bloc-produit-content"><a title="Voir le produit" href="http://www.refonte.auchandirect.fr/boissons/jus,-softs/pur-jus-d'orange/id1/476/31572"><img src="http://www.refonte.auchandirect.fr/static/images/products/line/31572.jpg" alt="" class="produit "/></a><div class="picto"><span class="invisible"></span></div><div class="boutons-produit"><a id="addProductToBasket_2" onclick="javascript:Tapestry.waitForPage(event);" title="Ajouter au panier" class="bt-produit-ajout-panier" href="http://www.refonte.auchandirect.fr/rayon.productgridorlist.productlist_1.thumbnailproduct_0.addproducttobasket/31572?t:ac=476">Ajouter au panier</a><a id="addProductToShoppingList_10" onclick="javascript:Tapestry.waitForPage(event);" title="Ajouter à ma liste" class="bt-produit-ajout-liste" href="http://www.refonte.auchandirect.fr/rayon.productgridorlist.productlist_1.thumbnailproduct_0.addproducttoshoppinglist/31572?t:ac=476">Ajouter à ma liste</a></div><div class="infos-produit-1"><div class="prix-actuel"><span>2.31€</span></div></div><div class="infos-produit-2"><a title="Voir le produit" href="http://www.refonte.auchandirect.fr/boissons/jus,-softs/pur-jus-d'orange/id1/476/31572"><h2>AUCHAN</h2><h4>Pur jus d'orange</h4><h4></h4><p>
1,5 l
<br/>
1.54€/l
</p></a></div><div class="mini_picto_bas"></div></div></div></td></tr><tr><td><!-- PL : ici --><div class="bloc-produit produit-auchan"><div class="bloc-produit-content"><a title="Voir le produit" href="http://www.refonte.auchandirect.fr/boissons/jus,-softs/nectar-d'orange/id1/476/40656"><img src="http://www.refonte.auchandirect.fr/static/images/products/line/40656.jpg" alt="" class="produit "/></a><div class="picto"><span class="invisible"></span></div><div class="boutons-produit"><a id="addProductToBasket_3" onclick="javascript:Tapestry.waitForPage(event);" title="Ajouter au panier" class="bt-produit-ajout-panier" href="http://www.refonte.auchandirect.fr/rayon.productgridorlist.productlist_1.thumbnailproduct_0.addproducttobasket/40656?t:ac=476">Ajouter au panier</a><a id="addProductToShoppingList_11" onclick="javascript:Tapestry.waitForPage(event);" title="Ajouter à ma liste" class="bt-produit-ajout-liste" href="http://www.refonte.auchandirect.fr/rayon.productgridorlist.productlist_1.thumbnailproduct_0.addproducttoshoppinglist/40656?t:ac=476">Ajouter à ma liste</a></div><div class="infos-produit-1"><div class="prix-actuel"><span>1.43€</span></div></div><div class="infos-produit-2"><a title="Voir le produit" href="http://www.refonte.auchandirect.fr/boissons/jus,-softs/nectar-d'orange/id1/476/40656"><h2>AUCHAN</h2><h4>Nectar d'orange</h4><h4></h4><p>
2 l
<br/>
0.72€/l
</p></a></div><div class="mini_picto_bas"></div></div></div></td><td><!-- PL : ici --><div class="bloc-produit produit-auchan bientot-dispo"><div class="bloc-produit-content"><a title="Voir le produit" href="http://www.refonte.auchandirect.fr/boissons/jus,-softs/pur-jus-d'orange-très-pulpé/id1/476/56736"><img src="http://www.refonte.auchandirect.fr/static/images/products/line/56736.jpg" alt="" class="produit "/></a><div class="picto"><span class="invisible"></span></div><div class="boutons-produit"><a class="bt-produit-ajout-panier disable" title="Bientôt disponible" href="javascript:void(0)">Bientôt disponible</a><a id="addProductToShoppingList_12" onclick="javascript:Tapestry.waitForPage(event);" title="Ajouter à ma liste" class="bt-produit-ajout-liste" href="http://www.refonte.auchandirect.fr/rayon.productgridorlist.productlist_1.thumbnailproduct_0.addproducttoshoppinglist/56736?t:ac=476">Ajouter à ma liste</a></div><div class="infos-produit-1"><div class="prix-actuel"><span>2.00€</span></div></div><div class="infos-produit-2"><a title="Voir le produit" href="http://www.refonte.auchandirect.fr/boissons/jus,-softs/pur-jus-d'orange-très-pulpé/id1/476/56736"><h2>AUCHAN</h2><h4>Pur jus d'orange très pulpé</h4><h4></h4><p>
1 l
<br/>
2.00€/l
</p></a></div><div class="mini_picto_bas"></div></div></div></td><td><!-- PL : ici --><div class="bloc-produit produit-auchan"><div class="bloc-produit-content"><a title="Voir le produit" href="http://www.refonte.auchandirect.fr/boissons/jus,-softs/jus-d'orange/id1/476/42422"><img src="http://www.refonte.auchandirect.fr/static/images/products/line/42422.jpg" alt="" class="produit "/></a><div class="picto"><span class="invisible"></span></div><div class="boutons-produit"><a id="addProductToBasket_4" onclick="javascript:Tapestry.waitForPage(event);" title="Ajouter au panier" class="bt-produit-ajout-panier" href="http://www.refonte.auchandirect.fr/rayon.productgridorlist.productlist_1.thumbnailproduct_0.addproducttobasket/42422?t:ac=476">Ajouter au panier</a><a id="addProductToShoppingList_13" onclick="javascript:Tapestry.waitForPage(event);" title="Ajouter à ma liste" class="bt-produit-ajout-liste" href="http://www.refonte.auchandirect.fr/rayon.productgridorlist.productlist_1.thumbnailproduct_0.addproducttoshoppinglist/42422?t:ac=476">Ajouter à ma liste</a></div><div class="infos-produit-1"><div class="prix-actuel"><span>2.00€</span></div></div><div class="infos-produit-2"><a title="Voir le produit" href="http://www.refonte.auchandirect.fr/boissons/jus,-softs/jus-d'orange/id1/476/42422"><h2>AUCHAN</h2><h4>Jus d'orange</h4><h4></h4><p>
4 x 20 cl
<br/>
2.50€/l
</p></a></div><div class="mini_picto_bas"></div></div></div></td></tr><tr><td><!-- PL : ici --><div class="bloc-produit produit-auchan bientot-dispo"><div class="bloc-produit-content"><a title="Voir le produit" href="http://www.refonte.auchandirect.fr/boissons/jus,-softs/100-pur-jus-d'orange/id1/476/40145"><img src="http://www.refonte.auchandirect.fr/static/images/products/line/40145.jpg" alt="" class="produit "/></a><div class="picto"><span class="invisible"></span></div><div class="boutons-produit"><a class="bt-produit-ajout-panier disable" title="Bientôt disponible" href="javascript:void(0)">Bientôt disponible</a><a id="addProductToShoppingList_14" onclick="javascript:Tapestry.waitForPage(event);" title="Ajouter à ma liste" class="bt-produit-ajout-liste" href="http://www.refonte.auchandirect.fr/rayon.productgridorlist.productlist_1.thumbnailproduct_0.addproducttoshoppinglist/40145?t:ac=476">Ajouter à ma liste</a></div><div class="infos-produit-1"><div class="prix-actuel"><span>1.46€</span></div></div><div class="infos-produit-2"><a title="Voir le produit" href="http://www.refonte.auchandirect.fr/boissons/jus,-softs/100-pur-jus-d'orange/id1/476/40145"><h2>AUCHAN</h2><h4>100 % pur jus d'orange</h4><h4></h4><p>
1 l
<br/>
1.46€/l
</p></a></div><div class="mini_picto_bas"></div></div></div></td><td><!-- PL : ici --><div class="bloc-produit produit-auchan"><div class="bloc-produit-content"><a title="Voir le produit" href="http://www.refonte.auchandirect.fr/boissons/jus,-softs/jus-de-pamplemousse/id1/476/2311"><img src="http://www.refonte.auchandirect.fr/static/images/products/line/2311.jpg" alt="" class="produit "/></a><div class="picto"><span class="invisible"></span></div><div class="boutons-produit"><a id="addProductToBasket_5" onclick="javascript:Tapestry.waitForPage(event);" title="Ajouter au panier" class="bt-produit-ajout-panier" href="http://www.refonte.auchandirect.fr/rayon.productgridorlist.productlist_1.thumbnailproduct_0.addproducttobasket/2311?t:ac=476">Ajouter au panier</a><a id="addProductToShoppingList_15" onclick="javascript:Tapestry.waitForPage(event);" title="Ajouter à ma liste" class="bt-produit-ajout-liste" href="http://www.refonte.auchandirect.fr/rayon.productgridorlist.productlist_1.thumbnailproduct_0.addproducttoshoppinglist/2311?t:ac=476">Ajouter à ma liste</a></div><div class="infos-produit-1"><div class="prix-actuel"><span>1.08€</span></div></div><div class="infos-produit-2"><a title="Voir le produit" href="http://www.refonte.auchandirect.fr/boissons/jus,-softs/jus-de-pamplemousse/id1/476/2311"><h2>AUCHAN</h2><h4>Jus de pamplemousse</h4><h4></h4><p>
1 l
<br/>
1.08€/l
</p></a></div><div class="mini_picto_bas"></div></div></div></td><td><!-- PL : ici --><div class="bloc-produit produit-auchan bientot-dispo"><div class="bloc-produit-content"><a title="Voir le produit" href="../pur-jus-de-fruit-aux-3-agrumes/id1/476/42195.html"><img src="http://www.refonte.auchandirect.fr/static/images/products/line/42195.jpg" alt="" class="produit "/></a><div class="picto"><span class="invisible"></span></div><div class="boutons-produit"><a class="bt-produit-ajout-panier disable" title="Bientôt disponible" href="javascript:void(0)">Bientôt disponible</a><a id="addProductToShoppingList_16" onclick="javascript:Tapestry.waitForPage(event);" title="Ajouter à ma liste" class="bt-produit-ajout-liste" href="http://www.refonte.auchandirect.fr/rayon.productgridorlist.productlist_1.thumbnailproduct_0.addproducttoshoppinglist/42195?t:ac=476">Ajouter à ma liste</a></div><div class="infos-produit-1"><div class="prix-actuel"><span>2.05€</span></div></div><div class="infos-produit-2"><a title="Voir le produit" href="../pur-jus-de-fruit-aux-3-agrumes/id1/476/42195.html"><h2>AUCHAN</h2><h4>Pur jus de fruit aux 3 agrumes</h4><h4>Orange, pamplemousse et orange sanguine</h4><p>
1 l
<br/>
2.05€/l
</p></a></div><div class="mini_picto_bas"><img alt="frais" src="http://www.refonte.auchandirect.fr/static/images/frais_small.jpg"/><img src="http://www.refonte.auchandirect.fr/static/images/DLC-garantie-6j_small.jpg"/></div></div></div></td></tr><tr><td><!-- PL : ici --><div class="bloc-produit produit-auchan bientot-dispo"><div class="bloc-produit-content"><a title="Voir le produit" href="../pur-jus-de-pamplemousse-avec-pulpe/id1/476/6746.html"><img src="http://www.refonte.auchandirect.fr/static/images/products/line/6746.jpg" alt="" class="produit "/></a><div class="picto"><span class="invisible"></span></div><div class="boutons-produit"><a class="bt-produit-ajout-panier disable" title="Bientôt disponible" href="javascript:void(0)">Bientôt disponible</a><a id="addProductToShoppingList_17" onclick="javascript:Tapestry.waitForPage(event);" title="Ajouter à ma liste" class="bt-produit-ajout-liste" href="http://www.refonte.auchandirect.fr/rayon.productgridorlist.productlist_1.thumbnailproduct_0.addproducttoshoppinglist/6746?t:ac=476">Ajouter à ma liste</a></div><div class="infos-produit-1"><div class="prix-actuel"><span>2.14€</span></div></div><div class="infos-produit-2"><a title="Voir le produit" href="../pur-jus-de-pamplemousse-avec-pulpe/id1/476/6746.html"><h2>AUCHAN</h2><h4>Pur jus de pamplemousse avec pulpe</h4><h4></h4><p>
1 l
<br/>
2.14€/l
</p></a></div><div class="mini_picto_bas"><img alt="frais" src="http://www.refonte.auchandirect.fr/static/images/frais_small.jpg"/><img src="http://www.refonte.auchandirect.fr/static/images/DLC-garantie-6j_small.jpg"/></div></div></div></td><td><!-- PL : ici --><div class="bloc-produit produit-auchan bientot-dispo"><div class="bloc-produit-content"><a title="Voir le produit" href="http://www.refonte.auchandirect.fr/boissons/jus,-softs/jus-de-fruit-4-agrumes/id1/476/58911"><img src="http://www.refonte.auchandirect.fr/static/images/products/line/58911.jpg" alt="" class="produit "/></a><div class="picto"><span class="invisible"></span></div><div class="boutons-produit"><a class="bt-produit-ajout-panier disable" title="Bientôt disponible" href="javascript:void(0)">Bientôt disponible</a><a id="addProductToShoppingList_18" onclick="javascript:Tapestry.waitForPage(event);" title="Ajouter à ma liste" class="bt-produit-ajout-liste" href="http://www.refonte.auchandirect.fr/rayon.productgridorlist.productlist_1.thumbnailproduct_0.addproducttoshoppinglist/58911?t:ac=476">Ajouter à ma liste</a></div><div class="infos-produit-1"><div class="prix-actuel"><span>1.68€</span></div></div><div class="infos-produit-2"><a title="Voir le produit" href="http://www.refonte.auchandirect.fr/boissons/jus,-softs/jus-de-fruit-4-agrumes/id1/476/58911"><h2>AUCHAN</h2><h4>Jus de fruit 4 agrumes</h4><h4></h4><p>
1 l
<br/>
1.68€/l
</p></a></div><div class="mini_picto_bas"></div></div></div></td><td><!-- PL : ici --><div class="bloc-produit produit-auchan bientot-dispo"><div class="bloc-produit-content"><a title="Voir le produit" href="http://www.refonte.auchandirect.fr/boissons/jus,-softs/jus-de-clémentine/id1/476/37928"><img src="http://www.refonte.auchandirect.fr/static/images/products/line/37928.jpg" alt="" class="produit "/></a><div class="picto"><span class="invisible"></span></div><div class="boutons-produit"><a class="bt-produit-ajout-panier disable" title="Bientôt disponible" href="javascript:void(0)">Bientôt disponible</a><a id="addProductToShoppingList_19" onclick="javascript:Tapestry.waitForPage(event);" title="Ajouter à ma liste" class="bt-produit-ajout-liste" href="http://www.refonte.auchandirect.fr/rayon.productgridorlist.productlist_1.thumbnailproduct_0.addproducttoshoppinglist/37928?t:ac=476">Ajouter à ma liste</a></div><div class="infos-produit-1"><div class="prix-actuel"><span>1.75€</span></div></div><div class="infos-produit-2"><a title="Voir le produit" href="http://www.refonte.auchandirect.fr/boissons/jus,-softs/jus-de-clémentine/id1/476/37928"><h2>AUCHAN</h2><h4>Jus de clémentine</h4><h4></h4><p>
1 l
<br/>
1.75€/l
</p></a></div><div class="mini_picto_bas"></div></div></div></td></tr><tr><td><!-- PL : ici --><div class="bloc-produit produit-auchan"><div class="bloc-produit-content"><a title="Voir le produit" href="http://www.refonte.auchandirect.fr/boissons/jus,-softs/pur-jus-de-pamplemousse-rose/id1/476/37589"><img src="http://www.refonte.auchandirect.fr/static/images/products/line/37589.jpg" alt="" class="produit "/></a><div class="picto"><span class="invisible"></span></div><div class="boutons-produit"><a id="addProductToBasket_6" onclick="javascript:Tapestry.waitForPage(event);" title="Ajouter au panier" class="bt-produit-ajout-panier" href="http://www.refonte.auchandirect.fr/rayon.productgridorlist.productlist_1.thumbnailproduct_0.addproducttobasket/37589?t:ac=476">Ajouter au panier</a><a id="addProductToShoppingList_20" onclick="javascript:Tapestry.waitForPage(event);" title="Ajouter à ma liste" class="bt-produit-ajout-liste" href="http://www.refonte.auchandirect.fr/rayon.productgridorlist.productlist_1.thumbnailproduct_0.addproducttoshoppinglist/37589?t:ac=476">Ajouter à ma liste</a></div><div class="infos-produit-1"><div class="prix-actuel"><span>1.95€</span></div></div><div class="infos-produit-2"><a title="Voir le produit" href="http://www.refonte.auchandirect.fr/boissons/jus,-softs/pur-jus-de-pamplemousse-rose/id1/476/37589"><h2>AUCHAN</h2><h4>Pur jus de pamplemousse rose</h4><h4></h4><p>
1 l
<br/>
1.95€/l
</p></a></div><div class="mini_picto_bas"></div></div></div></td><td><!-- PL : ici --><div class="bloc-produit produit-auchan"><div class="bloc-produit-content"><a title="Voir le produit" href="http://www.refonte.auchandirect.fr/boissons/jus,-softs/pur-jus-de-pamplemousse-blanc/id1/476/37590"><img src="http://www.refonte.auchandirect.fr/static/images/products/line/37590.jpg" alt="" class="produit "/></a><div class="picto"><span class="invisible"></span></div><div class="boutons-produit"><a id="addProductToBasket_7" onclick="javascript:Tapestry.waitForPage(event);" title="Ajouter au panier" class="bt-produit-ajout-panier" href="http://www.refonte.auchandirect.fr/rayon.productgridorlist.productlist_1.thumbnailproduct_0.addproducttobasket/37590?t:ac=476">Ajouter au panier</a><a id="addProductToShoppingList_21" onclick="javascript:Tapestry.waitForPage(event);" title="Ajouter à ma liste" class="bt-produit-ajout-liste" href="http://www.refonte.auchandirect.fr/rayon.productgridorlist.productlist_1.thumbnailproduct_0.addproducttoshoppinglist/37590?t:ac=476">Ajouter à ma liste</a></div><div class="infos-produit-1"><div class="prix-actuel"><span>1.64€</span></div></div><div class="infos-produit-2"><a title="Voir le produit" href="http://www.refonte.auchandirect.fr/boissons/jus,-softs/pur-jus-de-pamplemousse-blanc/id1/476/37590"><h2>AUCHAN</h2><h4>Pur jus de pamplemousse blanc</h4><h4></h4><p>
1 l
<br/>
1.64€/l
</p></a></div><div class="mini_picto_bas"></div></div></div></td><td><!-- PL : ici --><div class="bloc-produit produit-auchan"><div class="bloc-produit-content"><a title="Voir le produit" href="http://www.refonte.auchandirect.fr/boissons/jus,-softs/nectar-de-poire/id1/476/1223"><img src="http://www.refonte.auchandirect.fr/static/images/products/line/1223.jpg" alt="" class="produit "/></a><div class="picto"><span class="invisible"></span></div><div class="boutons-produit"><a id="addProductToBasket_8" onclick="javascript:Tapestry.waitForPage(event);" title="Ajouter au panier" class="bt-produit-ajout-panier" href="http://www.refonte.auchandirect.fr/rayon.productgridorlist.productlist_1.thumbnailproduct_0.addproducttobasket/1223?t:ac=476">Ajouter au panier</a><a id="addProductToShoppingList_22" onclick="javascript:Tapestry.waitForPage(event);" title="Ajouter à ma liste" class="bt-produit-ajout-liste" href="http://www.refonte.auchandirect.fr/rayon.productgridorlist.productlist_1.thumbnailproduct_0.addproducttoshoppinglist/1223?t:ac=476">Ajouter à ma liste</a></div><div class="infos-produit-1"><div class="prix-actuel"><span>2.02€</span></div></div><div class="infos-produit-2"><a title="Voir le produit" href="http://www.refonte.auchandirect.fr/boissons/jus,-softs/nectar-de-poire/id1/476/1223"><h2>AUCHAN</h2><h4>Nectar de poire</h4><h4></h4><p>
1 l
<br/>
2.02€/l
</p></a></div><div class="mini_picto_bas"></div></div></div></td></tr><tr><td><!-- PL : ici --><div class="bloc-produit produit-auchan bientot-dispo"><div class="bloc-produit-content"><a title="Voir le produit" href="../pur-jus-de-pomme/id1/476/6745.html"><img src="http://www.refonte.auchandirect.fr/static/images/products/line/6745.jpg" alt="" class="produit "/></a><div class="picto"><span class="invisible"></span></div><div class="boutons-produit"><a class="bt-produit-ajout-panier disable" title="Bientôt disponible" href="javascript:void(0)">Bientôt disponible</a><a id="addProductToShoppingList_23" onclick="javascript:Tapestry.waitForPage(event);" title="Ajouter à ma liste" class="bt-produit-ajout-liste" href="http://www.refonte.auchandirect.fr/rayon.productgridorlist.productlist_1.thumbnailproduct_0.addproducttoshoppinglist/6745?t:ac=476">Ajouter à ma liste</a></div><div class="infos-produit-1"><div class="prix-actuel"><span>1.95€</span></div></div><div class="infos-produit-2"><a title="Voir le produit" href="../pur-jus-de-pomme/id1/476/6745.html"><h2>AUCHAN</h2><h4>Pur jus de pomme</h4><h4></h4><p>
1 l
<br/>
1.95€/l
</p></a></div><div class="mini_picto_bas"><img alt="frais" src="http://www.refonte.auchandirect.fr/static/images/frais_small.jpg"/><img src="http://www.refonte.auchandirect.fr/static/images/DLC-garantie-6j_small.jpg"/></div></div></div></td><td><!-- PL : ici --><div class="bloc-produit produit-auchan"><div class="bloc-produit-content"><a title="Voir le produit" href="http://www.refonte.auchandirect.fr/boissons/jus,-softs/jus-de-pomme/id1/476/43895"><img src="http://www.refonte.auchandirect.fr/static/images/products/line/43895.jpg" alt="" class="produit "/></a><div class="picto"><span class="invisible"></span></div><div class="boutons-produit"><a id="addProductToBasket_9" onclick="javascript:Tapestry.waitForPage(event);" title="Ajouter au panier" class="bt-produit-ajout-panier" href="http://www.refonte.auchandirect.fr/rayon.productgridorlist.productlist_1.thumbnailproduct_0.addproducttobasket/43895?t:ac=476">Ajouter au panier</a><a id="addProductToShoppingList_24" onclick="javascript:Tapestry.waitForPage(event);" title="Ajouter à ma liste" class="bt-produit-ajout-liste" href="http://www.refonte.auchandirect.fr/rayon.productgridorlist.productlist_1.thumbnailproduct_0.addproducttoshoppinglist/43895?t:ac=476">Ajouter à ma liste</a></div><div class="infos-produit-1"><div class="prix-actuel"><span>1.46€</span></div></div><div class="infos-produit-2"><a title="Voir le produit" href="http://www.refonte.auchandirect.fr/boissons/jus,-softs/jus-de-pomme/id1/476/43895"><h2>AUCHAN</h2><h4>Jus de pomme</h4><h4></h4><p>
1 l
<br/>
1.46€/l
</p></a></div><div class="mini_picto_bas"></div></div></div></td><td><!-- PL : ici --><div class="bloc-produit produit-auchan bientot-dispo"><div class="bloc-produit-content"><a title="Voir le produit" href="http://www.refonte.auchandirect.fr/boissons/jus,-softs/jus-de-pomme/id1/476/1807"><img src="http://www.refonte.auchandirect.fr/static/images/products/line/1807.jpg" alt="" class="produit "/></a><div class="picto"><span class="invisible"></span></div><div class="boutons-produit"><a class="bt-produit-ajout-panier disable" title="Bientôt disponible" href="javascript:void(0)">Bientôt disponible</a><a id="addProductToShoppingList_25" onclick="javascript:Tapestry.waitForPage(event);" title="Ajouter à ma liste" class="bt-produit-ajout-liste" href="http://www.refonte.auchandirect.fr/rayon.productgridorlist.productlist_1.thumbnailproduct_0.addproducttoshoppinglist/1807?t:ac=476">Ajouter à ma liste</a></div><div class="infos-produit-1"><div class="prix-actuel"><span>1.17€</span></div></div><div class="infos-produit-2"><a title="Voir le produit" href="http://www.refonte.auchandirect.fr/boissons/jus,-softs/jus-de-pomme/id1/476/1807"><h2>AUCHAN</h2><h4>Jus de pomme</h4><h4></h4><p>
1 l
<br/>
1.17€/l
</p></a></div><div class="mini_picto_bas"></div></div></div></td></tr><tr><td><!-- PL : ici --><div class="bloc-produit produit-auchan bientot-dispo"><div class="bloc-produit-content"><a title="Voir le produit" href="http://www.refonte.auchandirect.fr/boissons/jus,-softs/boisson-à-la-pomme-et-au-kiwi/id1/476/58079"><img src="http://www.refonte.auchandirect.fr/static/images/products/line/58079.jpg" alt="" class="produit "/></a><div class="picto"><span class="invisible"></span></div><div class="boutons-produit"><a class="bt-produit-ajout-panier disable" title="Bientôt disponible" href="javascript:void(0)">Bientôt disponible</a><a id="addProductToShoppingList_26" onclick="javascript:Tapestry.waitForPage(event);" title="Ajouter à ma liste" class="bt-produit-ajout-liste" href="http://www.refonte.auchandirect.fr/rayon.productgridorlist.productlist_1.thumbnailproduct_0.addproducttoshoppinglist/58079?t:ac=476">Ajouter à ma liste</a></div><div class="infos-produit-1"><div class="prix-actuel"><span>1.91€</span></div></div><div class="infos-produit-2"><a title="Voir le produit" href="http://www.refonte.auchandirect.fr/boissons/jus,-softs/boisson-à-la-pomme-et-au-kiwi/id1/476/58079"><h2>AUCHAN</h2><h4>Boisson à la pomme et au kiwi</h4><h4></h4><p>
1 l
<br/>
1.91€/l
</p></a></div><div class="mini_picto_bas"></div></div></div></td><td><!-- PL : ici --><div class="bloc-produit produit-auchan"><div class="bloc-produit-content"><a title="Voir le produit" href="http://www.refonte.auchandirect.fr/boissons/jus,-softs/jus-de-tomate/id1/476/1548"><img src="http://www.refonte.auchandirect.fr/static/images/products/line/1548.jpg" alt="" class="produit "/></a><div class="picto"><span class="invisible"></span></div><div class="boutons-produit"><a id="addProductToBasket_10" onclick="javascript:Tapestry.waitForPage(event);" title="Ajouter au panier" class="bt-produit-ajout-panier" href="http://www.refonte.auchandirect.fr/rayon.productgridorlist.productlist_1.thumbnailproduct_0.addproducttobasket/1548?t:ac=476">Ajouter au panier</a><a id="addProductToShoppingList_27" onclick="javascript:Tapestry.waitForPage(event);" title="Ajouter à ma liste" class="bt-produit-ajout-liste" href="http://www.refonte.auchandirect.fr/rayon.productgridorlist.productlist_1.thumbnailproduct_0.addproducttoshoppinglist/1548?t:ac=476">Ajouter à ma liste</a></div><div class="infos-produit-1"><div class="prix-actuel"><span>1.38€</span></div></div><div class="infos-produit-2"><a title="Voir le produit" href="http://www.refonte.auchandirect.fr/boissons/jus,-softs/jus-de-tomate/id1/476/1548"><h2>AUCHAN</h2><h4>Jus de tomate</h4><h4></h4><p>
1 l
<br/>
1.38€/l
</p></a></div><div class="mini_picto_bas"></div></div></div></td><td><!-- PL : ici --><div class="bloc-produit produit-auchan"><div class="bloc-produit-content"><a title="Voir le produit" href="http://www.refonte.auchandirect.fr/boissons/jus,-softs/jus-d'ananas/id1/476/2310"><img src="http://www.refonte.auchandirect.fr/static/images/products/line/2310.jpg" alt="" class="produit "/></a><div class="picto"><span class="invisible"></span></div><div class="boutons-produit"><a id="addProductToBasket_11" onclick="javascript:Tapestry.waitForPage(event);" title="Ajouter au panier" class="bt-produit-ajout-panier" href="http://www.refonte.auchandirect.fr/rayon.productgridorlist.productlist_1.thumbnailproduct_0.addproducttobasket/2310?t:ac=476">Ajouter au panier</a><a id="addProductToShoppingList_28" onclick="javascript:Tapestry.waitForPage(event);" title="Ajouter à ma liste" class="bt-produit-ajout-liste" href="http://www.refonte.auchandirect.fr/rayon.productgridorlist.productlist_1.thumbnailproduct_0.addproducttoshoppinglist/2310?t:ac=476">Ajouter à ma liste</a></div><div class="infos-produit-1"><div class="prix-actuel"><span>0.99€</span></div></div><div class="infos-produit-2"><a title="Voir le produit" href="http://www.refonte.auchandirect.fr/boissons/jus,-softs/jus-d'ananas/id1/476/2310"><h2>AUCHAN</h2><h4>Jus d'ananas</h4><h4></h4><p>
1 l
<br/>
0.99€/l
</p></a></div><div class="mini_picto_bas"></div></div></div></td></tr><tr><td><!-- PL : ici --><div class="bloc-produit produit-auchan"><div class="bloc-produit-content"><a title="Voir le produit" href="http://www.refonte.auchandirect.fr/boissons/jus,-softs/jus-multifruits/id1/476/31915"><img src="http://www.refonte.auchandirect.fr/static/images/products/line/31915.jpg" alt="" class="produit "/></a><div class="picto"><span class="invisible"></span></div><div class="boutons-produit"><a id="addProductToBasket_12" onclick="javascript:Tapestry.waitForPage(event);" title="Ajouter au panier" class="bt-produit-ajout-panier" href="http://www.refonte.auchandirect.fr/rayon.productgridorlist.productlist_1.thumbnailproduct_0.addproducttobasket/31915?t:ac=476">Ajouter au panier</a><a id="addProductToShoppingList_29" onclick="javascript:Tapestry.waitForPage(event);" title="Ajouter à ma liste" class="bt-produit-ajout-liste" href="http://www.refonte.auchandirect.fr/rayon.productgridorlist.productlist_1.thumbnailproduct_0.addproducttoshoppinglist/31915?t:ac=476">Ajouter à ma liste</a></div><div class="infos-produit-1"><div class="prix-actuel"><span>2.45€</span></div></div><div class="infos-produit-2"><a title="Voir le produit" href="http://www.refonte.auchandirect.fr/boissons/jus,-softs/jus-multifruits/id1/476/31915"><h2>AUCHAN</h2><h4>Jus multifruits</h4><h4></h4><p>
1,5 l
<br/>
1.63€/l
</p></a></div><div class="mini_picto_bas"></div></div></div></td><td><!-- PL : ici --><div class="bloc-produit produit-auchan"><div class="bloc-produit-content"><a title="Voir le produit" href="http://www.refonte.auchandirect.fr/boissons/jus,-softs/jus-multifruits/id1/476/33720"><img src="http://www.refonte.auchandirect.fr/static/images/products/line/33720.jpg" alt="" class="produit "/></a><div class="picto"><span class="invisible"></span></div><div class="boutons-produit"><a id="addProductToBasket_13" onclick="javascript:Tapestry.waitForPage(event);" title="Ajouter au panier" class="bt-produit-ajout-panier" href="http://www.refonte.auchandirect.fr/rayon.productgridorlist.productlist_1.thumbnailproduct_0.addproducttobasket/33720?t:ac=476">Ajouter au panier</a><a id="addProductToShoppingList_30" onclick="javascript:Tapestry.waitForPage(event);" title="Ajouter à ma liste" class="bt-produit-ajout-liste" href="http://www.refonte.auchandirect.fr/rayon.productgridorlist.productlist_1.thumbnailproduct_0.addproducttoshoppinglist/33720?t:ac=476">Ajouter à ma liste</a></div><div class="infos-produit-1"><div class="prix-actuel"><span>1.98€</span></div></div><div class="infos-produit-2"><a title="Voir le produit" href="http://www.refonte.auchandirect.fr/boissons/jus,-softs/jus-multifruits/id1/476/33720"><h2>AUCHAN</h2><h4>Jus multifruits</h4><h4></h4><p>
4 x 20 cl
<br/>
2.48€/l
</p></a></div><div class="mini_picto_bas"></div></div></div></td><td><!-- PL : ici --><div class="bloc-produit produit-auchan bientot-dispo"><div class="bloc-produit-content"><a title="Voir le produit" href="../pur-jus-aux-9-fruits/id1/476/4140.html"><img src="http://www.refonte.auchandirect.fr/static/images/products/line/4140.jpg" alt="" class="produit "/></a><div class="picto"><span class="invisible"></span></div><div class="boutons-produit"><a class="bt-produit-ajout-panier disable" title="Bientôt disponible" href="javascript:void(0)">Bientôt disponible</a><a id="addProductToShoppingList_31" onclick="javascript:Tapestry.waitForPage(event);" title="Ajouter à ma liste" class="bt-produit-ajout-liste" href="http://www.refonte.auchandirect.fr/rayon.productgridorlist.productlist_1.thumbnailproduct_0.addproducttoshoppinglist/4140?t:ac=476">Ajouter à ma liste</a></div><div class="infos-produit-1"><div class="prix-actuel"><span>2.42€</span></div></div><div class="infos-produit-2"><a title="Voir le produit" href="../pur-jus-aux-9-fruits/id1/476/4140.html"><h2>AUCHAN</h2><h4>Pur jus aux 9 fruits</h4><h4>Multivitaminé</h4><p>
1 l
<br/>
2.42€/l
</p></a></div><div class="mini_picto_bas"><img alt="frais" src="http://www.refonte.auchandirect.fr/static/images/frais_small.jpg"/><img src="http://www.refonte.auchandirect.fr/static/images/DLC-garantie-6j_small.jpg"/></div></div></div></td></tr><tr><td><!-- PL : ici --><div class="bloc-produit produit-auchan"><div class="bloc-produit-content"><a title="Voir le produit" href="http://www.refonte.auchandirect.fr/boissons/jus,-softs/pur-jus-de-tomate/id1/476/33718"><img src="http://www.refonte.auchandirect.fr/static/images/products/line/33718.jpg" alt="" class="produit "/></a><div class="picto"><span class="invisible"></span></div><div class="boutons-produit"><a id="addProductToBasket_14" onclick="javascript:Tapestry.waitForPage(event);" title="Ajouter au panier" class="bt-produit-ajout-panier" href="http://www.refonte.auchandirect.fr/rayon.productgridorlist.productlist_1.thumbnailproduct_0.addproducttobasket/33718?t:ac=476">Ajouter au panier</a><a id="addProductToShoppingList_32" onclick="javascript:Tapestry.waitForPage(event);" title="Ajouter à ma liste" class="bt-produit-ajout-liste" href="http://www.refonte.auchandirect.fr/rayon.productgridorlist.productlist_1.thumbnailproduct_0.addproducttoshoppinglist/33718?t:ac=476">Ajouter à ma liste</a></div><div class="infos-produit-1"><div class="prix-actuel"><span>1.51€</span></div></div><div class="infos-produit-2"><a title="Voir le produit" href="http://www.refonte.auchandirect.fr/boissons/jus,-softs/pur-jus-de-tomate/id1/476/33718"><h2>AUCHAN</h2><h4>Pur jus de tomate</h4><h4></h4><p>
4 x 20 cl
<br/>
1.89€/l
</p></a></div><div class="mini_picto_bas"></div></div></div></td><td><!-- PL : ici --><div class="bloc-produit produit-auchan"><div class="bloc-produit-content"><a title="Voir le produit" href="http://www.refonte.auchandirect.fr/boissons/jus,-softs/nectar-d'abricot/id1/476/1221"><img src="http://www.refonte.auchandirect.fr/static/images/products/line/1221.jpg" alt="" class="produit "/></a><div class="picto"><span class="invisible"></span></div><div class="boutons-produit"><a id="addProductToBasket_15" onclick="javascript:Tapestry.waitForPage(event);" title="Ajouter au panier" class="bt-produit-ajout-panier" href="http://www.refonte.auchandirect.fr/rayon.productgridorlist.productlist_1.thumbnailproduct_0.addproducttobasket/1221?t:ac=476">Ajouter au panier</a><a id="addProductToShoppingList_33" onclick="javascript:Tapestry.waitForPage(event);" title="Ajouter à ma liste" class="bt-produit-ajout-liste" href="http://www.refonte.auchandirect.fr/rayon.productgridorlist.productlist_1.thumbnailproduct_0.addproducttoshoppinglist/1221?t:ac=476">Ajouter à ma liste</a></div><div class="infos-produit-1"><div class="prix-actuel"><span>1.99€</span></div></div><div class="infos-produit-2"><a title="Voir le produit" href="http://www.refonte.auchandirect.fr/boissons/jus,-softs/nectar-d'abricot/id1/476/1221"><h2>AUCHAN</h2><h4>Nectar d'abricot</h4><h4></h4><p>
1 l
<br/>
1.99€/l
</p></a></div><div class="mini_picto_bas"></div></div></div></td><td><!-- PL : ici --><div class="bloc-produit produit-auchan bientot-dispo"><div class="bloc-produit-content"><a title="Voir le produit" href="http://www.refonte.auchandirect.fr/boissons/jus,-softs/nectar-de-banane/id1/476/1541"><img src="http://www.refonte.auchandirect.fr/static/images/products/line/1541.jpg" alt="" class="produit "/></a><div class="picto"><span class="invisible"></span></div><div class="boutons-produit"><a class="bt-produit-ajout-panier disable" title="Bientôt disponible" href="javascript:void(0)">Bientôt disponible</a><a id="addProductToShoppingList_34" onclick="javascript:Tapestry.waitForPage(event);" title="Ajouter à ma liste" class="bt-produit-ajout-liste" href="http://www.refonte.auchandirect.fr/rayon.productgridorlist.productlist_1.thumbnailproduct_0.addproducttoshoppinglist/1541?t:ac=476">Ajouter à ma liste</a></div><div class="infos-produit-1"><div class="prix-actuel"><span>1.88€</span></div></div><div class="infos-produit-2"><a title="Voir le produit" href="http://www.refonte.auchandirect.fr/boissons/jus,-softs/nectar-de-banane/id1/476/1541"><h2>AUCHAN</h2><h4>Nectar de banane</h4><h4></h4><p>
1 l
<br/>
1.88€/l
</p></a></div><div class="mini_picto_bas"></div></div></div></td></tr><tr><td><!-- PL : ici --><div class="bloc-produit produit-auchan"><div class="bloc-produit-content"><a title="Voir le produit" href="http://www.refonte.auchandirect.fr/boissons/jus,-softs/nectar-multivitaminé/id1/476/1338"><img src="http://www.refonte.auchandirect.fr/static/images/products/line/1338.jpg" alt="" class="produit "/></a><div class="picto"><span class="invisible"></span></div><div class="boutons-produit"><a id="addProductToBasket_16" onclick="javascript:Tapestry.waitForPage(event);" title="Ajouter au panier" class="bt-produit-ajout-panier" href="http://www.refonte.auchandirect.fr/rayon.productgridorlist.productlist_1.thumbnailproduct_0.addproducttobasket/1338?t:ac=476">Ajouter au panier</a><a id="addProductToShoppingList_35" onclick="javascript:Tapestry.waitForPage(event);" title="Ajouter à ma liste" class="bt-produit-ajout-liste" href="http://www.refonte.auchandirect.fr/rayon.productgridorlist.productlist_1.thumbnailproduct_0.addproducttoshoppinglist/1338?t:ac=476">Ajouter à ma liste</a></div><div class="infos-produit-1"><div class="prix-actuel"><span>1.77€</span></div></div><div class="infos-produit-2"><a title="Voir le produit" href="http://www.refonte.auchandirect.fr/boissons/jus,-softs/nectar-multivitaminé/id1/476/1338"><h2>AUCHAN</h2><h4>Nectar multivitaminé</h4><h4></h4><p>
2 l
<br/>
0.89€/l
</p></a></div><div class="mini_picto_bas"></div></div></div></td><td><!-- PL : ici --><div class="bloc-produit produit-auchan"><div class="bloc-produit-content"><a title="Voir le produit" href="http://www.refonte.auchandirect.fr/boissons/jus,-softs/nectar-multivitaminé/id1/476/38162"><img src="http://www.refonte.auchandirect.fr/static/images/products/line/38162.jpg" alt="" class="produit "/></a><div class="picto"><span class="invisible"></span></div><div class="boutons-produit"><a id="addProductToBasket_17" onclick="javascript:Tapestry.waitForPage(event);" title="Ajouter au panier" class="bt-produit-ajout-panier" href="http://www.refonte.auchandirect.fr/rayon.productgridorlist.productlist_1.thumbnailproduct_0.addproducttobasket/38162?t:ac=476">Ajouter au panier</a><a id="addProductToShoppingList_36" onclick="javascript:Tapestry.waitForPage(event);" title="Ajouter à ma liste" class="bt-produit-ajout-liste" href="http://www.refonte.auchandirect.fr/rayon.productgridorlist.productlist_1.thumbnailproduct_0.addproducttoshoppinglist/38162?t:ac=476">Ajouter à ma liste</a></div><div class="infos-produit-1"><div class="prix-actuel"><span>1.45€</span></div></div><div class="infos-produit-2"><a title="Voir le produit" href="http://www.refonte.auchandirect.fr/boissons/jus,-softs/nectar-multivitaminé/id1/476/38162"><h2>AUCHAN</h2><h4>Nectar multivitaminé</h4><h4></h4><p>
1 l
<br/>
1.45€/l
</p></a></div><div class="mini_picto_bas"></div></div></div></td><td><!-- PL : ici --><div class="bloc-produit produit-auchan"><div class="bloc-produit-content"><a title="Voir le produit" href="http://www.refonte.auchandirect.fr/boissons/jus,-softs/boisson-gazeuse-aux-extraits-naturels-et-arômes-citron/id1/476/1454"><img src="http://www.refonte.auchandirect.fr/static/images/products/line/1454.jpg" alt="" class="produit "/></a><div class="picto"><span class="invisible"></span></div><div class="boutons-produit"><a id="addProductToBasket_18" onclick="javascript:Tapestry.waitForPage(event);" title="Ajouter au panier" class="bt-produit-ajout-panier" href="http://www.refonte.auchandirect.fr/rayon.productgridorlist.productlist_1.thumbnailproduct_0.addproducttobasket/1454?t:ac=476">Ajouter au panier</a><a id="addProductToShoppingList_37" onclick="javascript:Tapestry.waitForPage(event);" title="Ajouter à ma liste" class="bt-produit-ajout-liste" href="http://www.refonte.auchandirect.fr/rayon.productgridorlist.productlist_1.thumbnailproduct_0.addproducttoshoppinglist/1454?t:ac=476">Ajouter à ma liste</a></div><div class="infos-produit-1"><div class="prix-actuel"><span>0.70€</span></div></div><div class="infos-produit-2"><a title="Voir le produit" href="http://www.refonte.auchandirect.fr/boissons/jus,-softs/boisson-gazeuse-aux-extraits-naturels-et-arômes-citron/id1/476/1454"><h2>AUCHAN</h2><h4>Boisson gazeuse aux extraits naturels et arômes citron</h4><h4></h4><p>
1,5 l
<br/>
0.47€/l
</p></a></div><div class="mini_picto_bas"></div></div></div></td></tr><tr><td><!-- PL : ici --><div class="bloc-produit produit-auchan"><div class="bloc-produit-content"><a title="Voir le produit" href="http://www.refonte.auchandirect.fr/boissons/jus,-softs/boisson-gazeuse/id1/476/48186"><img src="http://www.refonte.auchandirect.fr/static/images/products/line/48186.jpg" alt="" class="produit "/></a><div class="picto"><span class="invisible"></span></div><div class="boutons-produit"><a id="addProductToBasket_19" onclick="javascript:Tapestry.waitForPage(event);" title="Ajouter au panier" class="bt-produit-ajout-panier" href="http://www.refonte.auchandirect.fr/rayon.productgridorlist.productlist_1.thumbnailproduct_0.addproducttobasket/48186?t:ac=476">Ajouter au panier</a><a id="addProductToShoppingList_38" onclick="javascript:Tapestry.waitForPage(event);" title="Ajouter à ma liste" class="bt-produit-ajout-liste" href="http://www.refonte.auchandirect.fr/rayon.productgridorlist.productlist_1.thumbnailproduct_0.addproducttoshoppinglist/48186?t:ac=476">Ajouter à ma liste</a></div><div class="infos-produit-1"><div class="prix-actuel"><span>1.18€</span></div></div><div class="infos-produit-2"><a title="Voir le produit" href="http://www.refonte.auchandirect.fr/boissons/jus,-softs/boisson-gazeuse/id1/476/48186"><h2>AUCHAN</h2><h4>Boisson gazeuse</h4><h4>Agrumes</h4><p>
1,5 l
<br/>
0.79€/l
</p></a></div><div class="mini_picto_bas"></div></div></div></td><td><!-- PL : ici --><div class="bloc-produit produit-auchan bientot-dispo"><div class="bloc-produit-content"><a title="Voir le produit" href="http://www.refonte.auchandirect.fr/boissons/jus,-softs/cola-zero/id1/476/76400"><img src="http://www.refonte.auchandirect.fr/static/images/products/line/76400.jpg" alt="" class="produit "/></a><div class="picto"><span class="invisible"></span></div><div class="boutons-produit"><a class="bt-produit-ajout-panier disable" title="Bientôt disponible" href="javascript:void(0)">Bientôt disponible</a><a id="addProductToShoppingList_39" onclick="javascript:Tapestry.waitForPage(event);" title="Ajouter à ma liste" class="bt-produit-ajout-liste" href="http://www.refonte.auchandirect.fr/rayon.productgridorlist.productlist_1.thumbnailproduct_0.addproducttoshoppinglist/76400?t:ac=476">Ajouter à ma liste</a></div><div class="infos-produit-1"><div class="prix-actuel"><span>0.69€</span></div></div><div class="infos-produit-2"><a title="Voir le produit" href="http://www.refonte.auchandirect.fr/boissons/jus,-softs/cola-zero/id1/476/76400"><h2>AUCHAN</h2><h4>Cola zero</h4><h4></h4><p>
1.5 l
<br/>
0.46€/l
</p></a></div><div class="mini_picto_bas"></div></div></div></td><td><!-- PL : ici --><div class="bloc-produit produit-auchan"><div class="bloc-produit-content"><a title="Voir le produit" href="http://www.refonte.auchandirect.fr/boissons/jus,-softs/limonade/id1/476/97569"><img src="http://www.refonte.auchandirect.fr/static/images/products/line/97569.jpg" alt="" class="produit "/></a><div class="picto"><span class="invisible"></span></div><div class="boutons-produit"><a id="addProductToBasket_20" onclick="javascript:Tapestry.waitForPage(event);" title="Ajouter au panier" class="bt-produit-ajout-panier" href="http://www.refonte.auchandirect.fr/rayon.productgridorlist.productlist_1.thumbnailproduct_0.addproducttobasket/97569?t:ac=476">Ajouter au panier</a><a id="addProductToShoppingList_40" onclick="javascript:Tapestry.waitForPage(event);" title="Ajouter à ma liste" class="bt-produit-ajout-liste" href="http://www.refonte.auchandirect.fr/rayon.productgridorlist.productlist_1.thumbnailproduct_0.addproducttoshoppinglist/97569?t:ac=476">Ajouter à ma liste</a></div><div class="infos-produit-1"><div class="prix-actuel"><span>0.75€</span></div></div><div class="infos-produit-2"><a title="Voir le produit" href="http://www.refonte.auchandirect.fr/boissons/jus,-softs/limonade/id1/476/97569"><h2>AUCHAN</h2><h4>Limonade</h4><h4>Light</h4><p>
1.5 l
<br/>
0.50€/l
</p></a></div><div class="mini_picto_bas"></div></div></div></td></tr><tr><td><!-- PL : ici --><div class="bloc-produit produit-auchan"><div class="bloc-produit-content"><a title="Voir le produit" href="http://www.refonte.auchandirect.fr/boissons/jus,-softs/boisson-gazéifiée/id1/476/47864"><img src="http://www.refonte.auchandirect.fr/static/images/products/line/47864.jpg" alt="" class="produit "/></a><div class="picto"><span class="invisible"></span></div><div class="boutons-produit"><a id="addProductToBasket_21" onclick="javascript:Tapestry.waitForPage(event);" title="Ajouter au panier" class="bt-produit-ajout-panier" href="http://www.refonte.auchandirect.fr/rayon.productgridorlist.productlist_1.thumbnailproduct_0.addproducttobasket/47864?t:ac=476">Ajouter au panier</a><a id="addProductToShoppingList_41" onclick="javascript:Tapestry.waitForPage(event);" title="Ajouter à ma liste" class="bt-produit-ajout-liste" href="http://www.refonte.auchandirect.fr/rayon.productgridorlist.productlist_1.thumbnailproduct_0.addproducttoshoppinglist/47864?t:ac=476">Ajouter à ma liste</a></div><div class="infos-produit-1"><div class="prix-actuel"><span>0.65€</span></div></div><div class="infos-produit-2"><a title="Voir le produit" href="http://www.refonte.auchandirect.fr/boissons/jus,-softs/boisson-gazéifiée/id1/476/47864"><h2>AUCHAN</h2><h4>Boisson gazéifiée</h4><h4>Planet Cola</h4><p>
1,5 l
<br/>
0.43€/l
</p></a></div><div class="mini_picto_bas"></div></div></div></td><td><!-- PL : ici --><div class="bloc-produit produit-auchan"><div class="bloc-produit-content"><a title="Voir le produit" href="http://www.refonte.auchandirect.fr/boissons/jus,-softs/boisson-gazeuse-aux-extraits-naturels-et-arômes-citron/id1/476/34672"><img src="http://www.refonte.auchandirect.fr/static/images/products/line/34672.jpg" alt="" class="produit "/></a><div class="picto"><span class="invisible"></span></div><div class="boutons-produit"><a id="addProductToBasket_22" onclick="javascript:Tapestry.waitForPage(event);" title="Ajouter au panier" class="bt-produit-ajout-panier" href="http://www.refonte.auchandirect.fr/rayon.productgridorlist.productlist_1.thumbnailproduct_0.addproducttobasket/34672?t:ac=476">Ajouter au panier</a><a id="addProductToShoppingList_42" onclick="javascript:Tapestry.waitForPage(event);" title="Ajouter à ma liste" class="bt-produit-ajout-liste" href="http://www.refonte.auchandirect.fr/rayon.productgridorlist.productlist_1.thumbnailproduct_0.addproducttoshoppinglist/34672?t:ac=476">Ajouter à ma liste</a></div><div class="infos-produit-1"><div class="prix-actuel"><span>2.74€</span></div></div><div class="infos-produit-2"><a title="Voir le produit" href="http://www.refonte.auchandirect.fr/boissons/jus,-softs/boisson-gazeuse-aux-extraits-naturels-et-arômes-citron/id1/476/34672"><h2>AUCHAN</h2><h4>Boisson gazeuse aux extraits naturels et arômes citron</h4><h4></h4><p>
6 x 50 cl
<br/>
0.91€/l
</p></a></div><div class="mini_picto_bas"></div></div></div></td><td><!-- PL : ici --><div class="bloc-produit produit-auchan"><div class="bloc-produit-content"><a title="Voir le produit" href="http://www.refonte.auchandirect.fr/boissons/jus,-softs/jus-d'orange-avec-pulpe-allégé-en-sucre/id1/476/48102"><img src="http://www.refonte.auchandirect.fr/static/images/products/line/48102.jpg" alt="" class="produit "/></a><div class="picto"><span class="invisible"></span></div><div class="boutons-produit"><a id="addProductToBasket_23" onclick="javascript:Tapestry.waitForPage(event);" title="Ajouter au panier" class="bt-produit-ajout-panier" href="http://www.refonte.auchandirect.fr/rayon.productgridorlist.productlist_1.thumbnailproduct_0.addproducttobasket/48102?t:ac=476">Ajouter au panier</a><a id="addProductToShoppingList_43" onclick="javascript:Tapestry.waitForPage(event);" title="Ajouter à ma liste" class="bt-produit-ajout-liste" href="http://www.refonte.auchandirect.fr/rayon.productgridorlist.productlist_1.thumbnailproduct_0.addproducttoshoppinglist/48102?t:ac=476">Ajouter à ma liste</a></div><div class="infos-produit-1"><div class="prix-actuel"><span>0.99€</span></div></div><div class="infos-produit-2"><a title="Voir le produit" href="http://www.refonte.auchandirect.fr/boissons/jus,-softs/jus-d'orange-avec-pulpe-allégé-en-sucre/id1/476/48102"><h2>AUCHAN</h2><h4>Jus d'orange avec pulpe allégé en sucre</h4><h4>Light</h4><p>
1,5 l
<br/>
0.66€/l
</p></a></div><div class="mini_picto_bas"></div></div></div></td></tr><tr><td><!-- PL : ici --><div class="bloc-produit produit-auchan"><div class="bloc-produit-content"><a title="Voir le produit" href="http://www.refonte.auchandirect.fr/boissons/jus,-softs/boisson-aromatisée/id1/476/1494"><img src="http://www.refonte.auchandirect.fr/static/images/products/line/1494.jpg" alt="" class="produit "/></a><div class="picto"><span class="invisible"></span></div><div class="boutons-produit"><a id="addProductToBasket_24" onclick="javascript:Tapestry.waitForPage(event);" title="Ajouter au panier" class="bt-produit-ajout-panier" href="http://www.refonte.auchandirect.fr/rayon.productgridorlist.productlist_1.thumbnailproduct_0.addproducttobasket/1494?t:ac=476">Ajouter au panier</a><a id="addProductToShoppingList_44" onclick="javascript:Tapestry.waitForPage(event);" title="Ajouter à ma liste" class="bt-produit-ajout-liste" href="http://www.refonte.auchandirect.fr/rayon.productgridorlist.productlist_1.thumbnailproduct_0.addproducttoshoppinglist/1494?t:ac=476">Ajouter à ma liste</a></div><div class="infos-produit-1"><div class="prix-actuel"><span>1.25€</span></div></div><div class="infos-produit-2"><a title="Voir le produit" href="http://www.refonte.auchandirect.fr/boissons/jus,-softs/boisson-aromatisée/id1/476/1494"><h2>AUCHAN</h2><h4>Boisson aromatisée</h4><h4>Orange</h4><p>
2 l
<br/>
0.63€/l
</p></a></div><div class="mini_picto_bas"></div></div></div></td><td><!-- PL : ici --><div class="bloc-produit produit-auchan"><div class="bloc-produit-content"><a title="Voir le produit" href="http://www.refonte.auchandirect.fr/boissons/jus,-softs/boisson-gout-exotique/id1/476/33705"><img src="http://www.refonte.auchandirect.fr/static/images/products/line/33705.jpg" alt="" class="produit "/></a><div class="picto"><span class="invisible"></span></div><div class="boutons-produit"><a id="addProductToBasket_25" onclick="javascript:Tapestry.waitForPage(event);" title="Ajouter au panier" class="bt-produit-ajout-panier" href="http://www.refonte.auchandirect.fr/rayon.productgridorlist.productlist_1.thumbnailproduct_0.addproducttobasket/33705?t:ac=476">Ajouter au panier</a><a id="addProductToShoppingList_45" onclick="javascript:Tapestry.waitForPage(event);" title="Ajouter à ma liste" class="bt-produit-ajout-liste" href="http://www.refonte.auchandirect.fr/rayon.productgridorlist.productlist_1.thumbnailproduct_0.addproducttoshoppinglist/33705?t:ac=476">Ajouter à ma liste</a></div><div class="infos-produit-1"><div class="prix-actuel"><span>1.25€</span></div></div><div class="infos-produit-2"><a title="Voir le produit" href="http://www.refonte.auchandirect.fr/boissons/jus,-softs/boisson-gout-exotique/id1/476/33705"><h2>AUCHAN</h2><h4>Boisson gout exotique</h4><h4></h4><p>
2 l
<br/>
0.63€/l
</p></a></div><div class="mini_picto_bas"></div></div></div></td><td><!-- PL : ici --><div class="bloc-produit produit-auchan bientot-dispo"><div class="bloc-produit-content"><a title="Voir le produit" href="http://www.refonte.auchandirect.fr/boissons/jus,-softs/sirop-pêche/id1/476/33721"><img src="http://www.refonte.auchandirect.fr/static/images/products/line/33721.jpg" alt="" class="produit "/></a><div class="picto"><span class="invisible"></span></div><div class="boutons-produit"><a class="bt-produit-ajout-panier disable" title="Bientôt disponible" href="javascript:void(0)">Bientôt disponible</a><a id="addProductToShoppingList_46" onclick="javascript:Tapestry.waitForPage(event);" title="Ajouter à ma liste" class="bt-produit-ajout-liste" href="http://www.refonte.auchandirect.fr/rayon.productgridorlist.productlist_1.thumbnailproduct_0.addproducttoshoppinglist/33721?t:ac=476">Ajouter à ma liste</a></div><div class="infos-produit-1"><div class="prix-actuel"><span>2.45€</span></div></div><div class="infos-produit-2"><a title="Voir le produit" href="http://www.refonte.auchandirect.fr/boissons/jus,-softs/sirop-pêche/id1/476/33721"><h2>AUCHAN</h2><h4>Sirop pêche</h4><h4></h4><p>
1 l
<br/>
2.45€/l
</p></a></div><div class="mini_picto_bas"></div></div></div></td></tr><tr><td><!-- PL : ici --><div class="bloc-produit produit-auchan"><div class="bloc-produit-content"><a title="Voir le produit" href="http://www.refonte.auchandirect.fr/boissons/jus,-softs/sirop-citron/id1/476/40637"><img src="http://www.refonte.auchandirect.fr/static/images/products/line/40637.jpg" alt="" class="produit "/></a><div class="picto"><span class="invisible"></span></div><div class="boutons-produit"><a id="addProductToBasket_26" onclick="javascript:Tapestry.waitForPage(event);" title="Ajouter au panier" class="bt-produit-ajout-panier" href="http://www.refonte.auchandirect.fr/rayon.productgridorlist.productlist_1.thumbnailproduct_0.addproducttobasket/40637?t:ac=476">Ajouter au panier</a><a id="addProductToShoppingList_47" onclick="javascript:Tapestry.waitForPage(event);" title="Ajouter à ma liste" class="bt-produit-ajout-liste" href="http://www.refonte.auchandirect.fr/rayon.productgridorlist.productlist_1.thumbnailproduct_0.addproducttoshoppinglist/40637?t:ac=476">Ajouter à ma liste</a></div><div class="infos-produit-1"><div class="prix-actuel"><span>1.82€</span></div></div><div class="infos-produit-2"><a title="Voir le produit" href="http://www.refonte.auchandirect.fr/boissons/jus,-softs/sirop-citron/id1/476/40637"><h2>AUCHAN</h2><h4>Sirop citron</h4><h4></h4><p>
1 l
<br/>
1.82€/l
</p></a></div><div class="mini_picto_bas"></div></div></div></td><td><!-- PL : ici --><div class="bloc-produit produit-auchan"><div class="bloc-produit-content"><a title="Voir le produit" href="http://www.refonte.auchandirect.fr/boissons/jus,-softs/sirop-menthe/id1/476/40538"><img src="http://www.refonte.auchandirect.fr/static/images/products/line/40538.jpg" alt="" class="produit "/></a><div class="picto"><span class="invisible"></span></div><div class="boutons-produit"><a id="addProductToBasket_27" onclick="javascript:Tapestry.waitForPage(event);" title="Ajouter au panier" class="bt-produit-ajout-panier" href="http://www.refonte.auchandirect.fr/rayon.productgridorlist.productlist_1.thumbnailproduct_0.addproducttobasket/40538?t:ac=476">Ajouter au panier</a><a id="addProductToShoppingList_48" onclick="javascript:Tapestry.waitForPage(event);" title="Ajouter à ma liste" class="bt-produit-ajout-liste" href="http://www.refonte.auchandirect.fr/rayon.productgridorlist.productlist_1.thumbnailproduct_0.addproducttoshoppinglist/40538?t:ac=476">Ajouter à ma liste</a></div><div class="infos-produit-1"><div class="prix-actuel"><span>1.73€</span></div></div><div class="infos-produit-2"><a title="Voir le produit" href="http://www.refonte.auchandirect.fr/boissons/jus,-softs/sirop-menthe/id1/476/40538"><h2>AUCHAN</h2><h4>Sirop menthe</h4><h4></h4><p>
1 l
<br/>
1.73€/l
</p></a></div><div class="mini_picto_bas"></div></div></div></td><td><!-- PL : ici --><div class="bloc-produit produit-auchan bientot-dispo"><div class="bloc-produit-content"><a title="Voir le produit" href="http://www.refonte.auchandirect.fr/boissons/jus,-softs/sirop-grenadine/id1/476/40539"><img src="http://www.refonte.auchandirect.fr/static/images/products/line/40539.jpg" alt="" class="produit "/></a><div class="picto"><span class="invisible"></span></div><div class="boutons-produit"><a class="bt-produit-ajout-panier disable" title="Bientôt disponible" href="javascript:void(0)">Bientôt disponible</a><a id="addProductToShoppingList_49" onclick="javascript:Tapestry.waitForPage(event);" title="Ajouter à ma liste" class="bt-produit-ajout-liste" href="http://www.refonte.auchandirect.fr/rayon.productgridorlist.productlist_1.thumbnailproduct_0.addproducttoshoppinglist/40539?t:ac=476">Ajouter à ma liste</a></div><div class="infos-produit-1"><div class="prix-actuel"><span>1.81€</span></div></div><div class="infos-produit-2"><a title="Voir le produit" href="http://www.refonte.auchandirect.fr/boissons/jus,-softs/sirop-grenadine/id1/476/40539"><h2>AUCHAN</h2><h4>Sirop grenadine</h4><h4></h4><p>
1 l
<br/>
1.81€/l
</p></a></div><div class="mini_picto_bas"></div></div></div></td></tr><tr><td><!-- PL : ici --><div class="bloc-produit produit-auchan"><div class="bloc-produit-content"><a title="Voir le produit" href="http://www.refonte.auchandirect.fr/boissons/jus,-softs/thé-glacé-aromatisé/id1/476/17311"><img src="http://www.refonte.auchandirect.fr/static/images/products/line/17311.jpg" alt="" class="produit "/></a><div class="picto"><span class="invisible"></span></div><div class="boutons-produit"><a id="addProductToBasket_28" onclick="javascript:Tapestry.waitForPage(event);" title="Ajouter au panier" class="bt-produit-ajout-panier" href="http://www.refonte.auchandirect.fr/rayon.productgridorlist.productlist_1.thumbnailproduct_0.addproducttobasket/17311?t:ac=476">Ajouter au panier</a><a id="addProductToShoppingList_50" onclick="javascript:Tapestry.waitForPage(event);" title="Ajouter à ma liste" class="bt-produit-ajout-liste" href="http://www.refonte.auchandirect.fr/rayon.productgridorlist.productlist_1.thumbnailproduct_0.addproducttoshoppinglist/17311?t:ac=476">Ajouter à ma liste</a></div><div class="infos-produit-1"><div class="prix-actuel"><span>1.35€</span></div></div><div class="infos-produit-2"><a title="Voir le produit" href="http://www.refonte.auchandirect.fr/boissons/jus,-softs/thé-glacé-aromatisé/id1/476/17311"><h2>AUCHAN</h2><h4>Thé glacé aromatisé</h4><h4>Pêche</h4><p>
2 l
<br/>
0.68€/l
</p></a></div><div class="mini_picto_bas"></div></div></div></td><td><!-- PL : ici --><div class="bloc-produit produit-auchan"><div class="bloc-produit-content"><a title="Voir le produit" href="http://www.refonte.auchandirect.fr/boissons/jus,-softs/thé-glacé/id1/476/33706"><img src="http://www.refonte.auchandirect.fr/static/images/products/line/33706.jpg" alt="" class="produit "/></a><div class="picto"><span class="invisible"></span></div><div class="boutons-produit"><a id="addProductToBasket_29" onclick="javascript:Tapestry.waitForPage(event);" title="Ajouter au panier" class="bt-produit-ajout-panier" href="http://www.refonte.auchandirect.fr/rayon.productgridorlist.productlist_1.thumbnailproduct_0.addproducttobasket/33706?t:ac=476">Ajouter au panier</a><a id="addProductToShoppingList_51" onclick="javascript:Tapestry.waitForPage(event);" title="Ajouter à ma liste" class="bt-produit-ajout-liste" href="http://www.refonte.auchandirect.fr/rayon.productgridorlist.productlist_1.thumbnailproduct_0.addproducttoshoppinglist/33706?t:ac=476">Ajouter à ma liste</a></div><div class="infos-produit-1"><div class="prix-actuel"><span>2.42€</span></div></div><div class="infos-produit-2"><a title="Voir le produit" href="http://www.refonte.auchandirect.fr/boissons/jus,-softs/thé-glacé/id1/476/33706"><h2>AUCHAN</h2><h4>Thé glacé</h4><h4>Pêche</h4><p>
4 x 50 cl
<br/>
1.21€/l
</p></a></div><div class="mini_picto_bas"></div></div></div></td><td><!-- PL : ici --><div class="bloc-produit produit-auchan"><div class="bloc-produit-content"><a title="Voir le produit" href="http://www.refonte.auchandirect.fr/bio-ecolo/boissons-bio/jus-d'orange-avec-pulpe/id1/455/31210"><img src="http://www.refonte.auchandirect.fr/static/images/products/line/31210.jpg" alt="" class="produit "/></a><div class="picto"><span class="invisible"></span></div><div class="boutons-produit"><a id="addProductToBasket_30" onclick="javascript:Tapestry.waitForPage(event);" title="Ajouter au panier" class="bt-produit-ajout-panier" href="http://www.refonte.auchandirect.fr/rayon.productgridorlist.productlist_1.thumbnailproduct_0.addproducttobasket/31210?t:ac=476">Ajouter au panier</a><a id="addProductToShoppingList_52" onclick="javascript:Tapestry.waitForPage(event);" title="Ajouter à ma liste" class="bt-produit-ajout-liste" href="http://www.refonte.auchandirect.fr/rayon.productgridorlist.productlist_1.thumbnailproduct_0.addproducttoshoppinglist/31210?t:ac=476">Ajouter à ma liste</a></div><div class="infos-produit-1"><div class="prix-actuel"><span>2.05€</span></div></div><div class="infos-produit-2"><a title="Voir le produit" href="http://www.refonte.auchandirect.fr/bio-ecolo/boissons-bio/jus-d'orange-avec-pulpe/id1/455/31210"><h2>AUCHAN BIO</h2><h4>Jus d'orange avec pulpe</h4><h4></h4><p>
1 l
<br/>
2.05€/l
</p></a></div><div class="mini_picto_bas"><img src="http://www.refonte.auchandirect.fr/static/images/AB_small.jpg"/></div></div></div></td></tr><tr><td><!-- PL : ici --><div class="bloc-produit produit-auchan bientot-dispo"><div class="bloc-produit-content"><a title="Voir le produit" href="../../../bio-ecolo/boissons-bio/pur-jus-de-pommes/id1/455/58937.html"><img src="http://www.refonte.auchandirect.fr/static/images/products/line/58937.jpg" alt="" class="produit "/></a><div class="picto"><span class="invisible"></span></div><div class="boutons-produit"><a class="bt-produit-ajout-panier disable" title="Bientôt disponible" href="javascript:void(0)">Bientôt disponible</a><a id="addProductToShoppingList_53" onclick="javascript:Tapestry.waitForPage(event);" title="Ajouter à ma liste" class="bt-produit-ajout-liste" href="http://www.refonte.auchandirect.fr/rayon.productgridorlist.productlist_1.thumbnailproduct_0.addproducttoshoppinglist/58937?t:ac=476">Ajouter à ma liste</a></div><div class="infos-produit-1"><div class="prix-actuel"><span>3.05€</span></div></div><div class="infos-produit-2"><a title="Voir le produit" href="../../../bio-ecolo/boissons-bio/pur-jus-de-pommes/id1/455/58937.html"><h2>AUCHAN BIO</h2><h4>Pur jus de pommes</h4><h4></h4><p>
1 l
<br/>
3.05€/l
</p></a></div><div class="mini_picto_bas"><img alt="frais" src="http://www.refonte.auchandirect.fr/static/images/frais_small.jpg"/><img src="http://www.refonte.auchandirect.fr/static/images/DLC-garantie-6j_small.jpg"/><img src="http://www.refonte.auchandirect.fr/static/images/AB_small.jpg"/></div></div></div></td><td><!-- PL : ici --><div class="bloc-produit produit-auchan"><div class="bloc-produit-content"><a title="Voir le produit" href="http://www.refonte.auchandirect.fr/bio-ecolo/boissons-bio/pur-jus-de-raisin/id1/455/58931"><img src="http://www.refonte.auchandirect.fr/static/images/products/line/58931.jpg" alt="" class="produit "/></a><div class="picto"><span class="invisible"></span></div><div class="boutons-produit"><a id="addProductToBasket_31" onclick="javascript:Tapestry.waitForPage(event);" title="Ajouter au panier" class="bt-produit-ajout-panier" href="http://www.refonte.auchandirect.fr/rayon.productgridorlist.productlist_1.thumbnailproduct_0.addproducttobasket/58931?t:ac=476">Ajouter au panier</a><a id="addProductToShoppingList_54" onclick="javascript:Tapestry.waitForPage(event);" title="Ajouter à ma liste" class="bt-produit-ajout-liste" href="http://www.refonte.auchandirect.fr/rayon.productgridorlist.productlist_1.thumbnailproduct_0.addproducttoshoppinglist/58931?t:ac=476">Ajouter à ma liste</a></div><div class="infos-produit-1"><div class="prix-actuel"><span>1.97€</span></div></div><div class="infos-produit-2"><a title="Voir le produit" href="http://www.refonte.auchandirect.fr/bio-ecolo/boissons-bio/pur-jus-de-raisin/id1/455/58931"><h2>AUCHAN BIO</h2><h4>Pur jus de raisin</h4><h4></h4><p>
1 l
<br/>
1.97€/l
</p></a></div><div class="mini_picto_bas"><img src="http://www.refonte.auchandirect.fr/static/images/AB_small.jpg"/></div></div></div></td><td><!-- PL : ici --><div class="bloc-produit produit-auchan bientot-dispo"><div class="bloc-produit-content"><a title="Voir le produit" href="http://www.refonte.auchandirect.fr/bio-ecolo/boissons-bio/jus-de-pomme/id1/455/31311"><img src="http://www.refonte.auchandirect.fr/static/images/products/line/31311.jpg" alt="" class="produit "/></a><div class="picto"><span class="invisible"></span></div><div class="boutons-produit"><a class="bt-produit-ajout-panier disable" title="Bientôt disponible" href="javascript:void(0)">Bientôt disponible</a><a id="addProductToShoppingList_55" onclick="javascript:Tapestry.waitForPage(event);" title="Ajouter à ma liste" class="bt-produit-ajout-liste" href="http://www.refonte.auchandirect.fr/rayon.productgridorlist.productlist_1.thumbnailproduct_0.addproducttoshoppinglist/31311?t:ac=476">Ajouter à ma liste</a></div><div class="infos-produit-1"><div class="prix-actuel"><span>1.59€</span></div></div><div class="infos-produit-2"><a title="Voir le produit" href="http://www.refonte.auchandirect.fr/bio-ecolo/boissons-bio/jus-de-pomme/id1/455/31311"><h2>AUCHAN BIO</h2><h4>Jus de pomme</h4><h4>Bio</h4><p>
1 l
<br/>
1.59€/l
</p></a></div><div class="mini_picto_bas"><img src="http://www.refonte.auchandirect.fr/static/images/AB_small.jpg"/><img src="http://www.refonte.auchandirect.fr/static/images/mieux-vivre-bio_small.jpg"/></div></div></div></td></tr><tr><td><!-- PL : ici --><div class="bloc-produit produit-auchan"><div class="bloc-produit-content"><a title="Voir le produit" href="http://www.refonte.auchandirect.fr/bio-ecolo/boissons-bio/jus-de-légumes/id1/455/53844"><img src="http://www.refonte.auchandirect.fr/static/images/products/line/53844.jpg" alt="" class="produit "/></a><div class="picto"><span class="invisible"></span></div><div class="boutons-produit"><a id="addProductToBasket_32" onclick="javascript:Tapestry.waitForPage(event);" title="Ajouter au panier" class="bt-produit-ajout-panier" href="http://www.refonte.auchandirect.fr/rayon.productgridorlist.productlist_1.thumbnailproduct_0.addproducttobasket/53844?t:ac=476">Ajouter au panier</a><a id="addProductToShoppingList_56" onclick="javascript:Tapestry.waitForPage(event);" title="Ajouter à ma liste" class="bt-produit-ajout-liste" href="http://www.refonte.auchandirect.fr/rayon.productgridorlist.productlist_1.thumbnailproduct_0.addproducttoshoppinglist/53844?t:ac=476">Ajouter à ma liste</a></div><div class="infos-produit-1"><div class="prix-actuel"><span>2.34€</span></div></div><div class="infos-produit-2"><a title="Voir le produit" href="http://www.refonte.auchandirect.fr/bio-ecolo/boissons-bio/jus-de-légumes/id1/455/53844"><h2>AUCHAN BIO</h2><h4>Jus de légumes</h4><h4></h4><p>
1 l
<br/>
2.34€/l
</p></a></div><div class="mini_picto_bas"><img src="http://www.refonte.auchandirect.fr/static/images/AB_small.jpg"/></div></div></div></td><td><!-- PL : ici --><div class="bloc-produit produit-auchan"><div class="bloc-produit-content"><a title="Voir le produit" href="http://www.refonte.auchandirect.fr/bio-ecolo/boissons-bio/pur-jus-de-carotte/id1/455/45920"><img src="http://www.refonte.auchandirect.fr/static/images/products/line/45920.jpg" alt="" class="produit "/></a><div class="picto"><span class="invisible"></span></div><div class="boutons-produit"><a id="addProductToBasket_33" onclick="javascript:Tapestry.waitForPage(event);" title="Ajouter au panier" class="bt-produit-ajout-panier" href="http://www.refonte.auchandirect.fr/rayon.productgridorlist.productlist_1.thumbnailproduct_0.addproducttobasket/45920?t:ac=476">Ajouter au panier</a><a id="addProductToShoppingList_57" onclick="javascript:Tapestry.waitForPage(event);" title="Ajouter à ma liste" class="bt-produit-ajout-liste" href="http://www.refonte.auchandirect.fr/rayon.productgridorlist.productlist_1.thumbnailproduct_0.addproducttoshoppinglist/45920?t:ac=476">Ajouter à ma liste</a></div><div class="infos-produit-1"><div class="prix-actuel"><span>2.34€</span></div></div><div class="infos-produit-2"><a title="Voir le produit" href="http://www.refonte.auchandirect.fr/bio-ecolo/boissons-bio/pur-jus-de-carotte/id1/455/45920"><h2>AUCHAN BIO</h2><h4>Pur jus de carotte</h4><h4></h4><p>
1 l
<br/>
2.34€/l
</p></a></div><div class="mini_picto_bas"><img src="http://www.refonte.auchandirect.fr/static/images/AB_small.jpg"/></div></div></div></td><td><!-- PL : ici --><div class="bloc-produit produit-auchan"><div class="bloc-produit-content"><a title="Voir le produit" href="http://www.refonte.auchandirect.fr/bio-ecolo/boissons-bio/jus-de-pruneaux/id1/455/31451"><img src="http://www.refonte.auchandirect.fr/static/images/products/line/31451.jpg" alt="" class="produit "/></a><div class="picto"><span class="invisible"></span></div><div class="boutons-produit"><a id="addProductToBasket_34" onclick="javascript:Tapestry.waitForPage(event);" title="Ajouter au panier" class="bt-produit-ajout-panier" href="http://www.refonte.auchandirect.fr/rayon.productgridorlist.productlist_1.thumbnailproduct_0.addproducttobasket/31451?t:ac=476">Ajouter au panier</a><a id="addProductToShoppingList_58" onclick="javascript:Tapestry.waitForPage(event);" title="Ajouter à ma liste" class="bt-produit-ajout-liste" href="http://www.refonte.auchandirect.fr/rayon.productgridorlist.productlist_1.thumbnailproduct_0.addproducttoshoppinglist/31451?t:ac=476">Ajouter à ma liste</a></div><div class="infos-produit-1"><div class="prix-actuel"><span>3.99€</span></div></div><div class="infos-produit-2"><a title="Voir le produit" href="http://www.refonte.auchandirect.fr/bio-ecolo/boissons-bio/jus-de-pruneaux/id1/455/31451"><h2>AUCHAN BIO</h2><h4>Jus de pruneaux</h4><h4></h4><p>
1 l
<br/>
3.99€/l
</p></a></div><div class="mini_picto_bas"><img src="http://www.refonte.auchandirect.fr/static/images/AB_small.jpg"/></div></div></div></td></tr><tr><td><!-- PL : ici --><div class="bloc-produit produit-auchan bientot-dispo"><div class="bloc-produit-content"><a title="Voir le produit" href="../../../bio-ecolo/boissons-bio/pur-jus-d'orange/id1/455/58936.html"><img src="http://www.refonte.auchandirect.fr/static/images/products/line/58936.jpg" alt="" class="produit "/></a><div class="picto"><span class="invisible"></span></div><div class="boutons-produit"><a class="bt-produit-ajout-panier disable" title="Bientôt disponible" href="javascript:void(0)">Bientôt disponible</a><a id="addProductToShoppingList_59" onclick="javascript:Tapestry.waitForPage(event);" title="Ajouter à ma liste" class="bt-produit-ajout-liste" href="http://www.refonte.auchandirect.fr/rayon.productgridorlist.productlist_1.thumbnailproduct_0.addproducttoshoppinglist/58936?t:ac=476">Ajouter à ma liste</a></div><div class="infos-produit-1"><div class="prix-actuel"><span>2.99€</span></div></div><div class="infos-produit-2"><a title="Voir le produit" href="../../../bio-ecolo/boissons-bio/pur-jus-d'orange/id1/455/58936.html"><h2>AUCHAN BIO</h2><h4>Pur jus d'orange</h4><h4></h4><p>
1 l
<br/>
2.99€/l
</p></a></div><div class="mini_picto_bas"><img alt="frais" src="http://www.refonte.auchandirect.fr/static/images/frais_small.jpg"/><img src="http://www.refonte.auchandirect.fr/static/images/DLC-garantie-6j_small.jpg"/><img src="http://www.refonte.auchandirect.fr/static/images/AB_small.jpg"/></div></div></div></td><td><!-- PL : ici --><div class="bloc-produit "><div class="bloc-produit-content"><a title="Voir le produit" href="http://www.refonte.auchandirect.fr/bio-ecolo/boissons-bio/jus-de-carottes-bio/id1/455/1301"><img src="http://www.refonte.auchandirect.fr/static/images/products/line/1301.jpg" alt="" class="produit "/></a><div class="picto"><span class="invisible"></span></div><div class="boutons-produit"><a id="addProductToBasket_35" onclick="javascript:Tapestry.waitForPage(event);" title="Ajouter au panier" class="bt-produit-ajout-panier" href="http://www.refonte.auchandirect.fr/rayon.productgridorlist.productlist_1.thumbnailproduct_0.addproducttobasket/1301?t:ac=476">Ajouter au panier</a><a id="addProductToShoppingList_60" onclick="javascript:Tapestry.waitForPage(event);" title="Ajouter à ma liste" class="bt-produit-ajout-liste" href="http://www.refonte.auchandirect.fr/rayon.productgridorlist.productlist_1.thumbnailproduct_0.addproducttoshoppinglist/1301?t:ac=476">Ajouter à ma liste</a></div><div class="infos-produit-1"><div class="prix-actuel"><span>3.27€</span></div></div><div class="infos-produit-2"><a title="Voir le produit" href="http://www.refonte.auchandirect.fr/bio-ecolo/boissons-bio/jus-de-carottes-bio/id1/455/1301"><h2>BJORG</h2><h4>Jus de carottes bio</h4><h4></h4><p>
75 cl
<br/>
4.36€/l
</p></a></div><div class="mini_picto_bas"><img src="http://www.refonte.auchandirect.fr/static/images/AB_small.jpg"/></div></div></div></td><td><!-- PL : ici --><div class="bloc-produit "><div class="bloc-produit-content"><a title="Voir le produit" href="http://www.refonte.auchandirect.fr/bio-ecolo/boissons-bio/jus-de-pruneaux-bio/id1/455/2089"><img src="http://www.refonte.auchandirect.fr/static/images/products/line/2089.jpg" alt="" class="produit "/></a><div class="picto"><span class="invisible"></span></div><div class="boutons-produit"><a id="addProductToBasket_36" onclick="javascript:Tapestry.waitForPage(event);" title="Ajouter au panier" class="bt-produit-ajout-panier" href="http://www.refonte.auchandirect.fr/rayon.productgridorlist.productlist_1.thumbnailproduct_0.addproducttobasket/2089?t:ac=476">Ajouter au panier</a><a id="addProductToShoppingList_61" onclick="javascript:Tapestry.waitForPage(event);" title="Ajouter à ma liste" class="bt-produit-ajout-liste" href="http://www.refonte.auchandirect.fr/rayon.productgridorlist.productlist_1.thumbnailproduct_0.addproducttoshoppinglist/2089?t:ac=476">Ajouter à ma liste</a></div><div class="infos-produit-1"><div class="prix-actuel"><span>3.80€</span></div></div><div class="infos-produit-2"><a title="Voir le produit" href="http://www.refonte.auchandirect.fr/bio-ecolo/boissons-bio/jus-de-pruneaux-bio/id1/455/2089"><h2>BJORG</h2><h4>Jus de pruneaux bio</h4><h4></h4><p>
75 cl
<br/>
5.07€/l
</p></a></div><div class="mini_picto_bas"><img src="http://www.refonte.auchandirect.fr/static/images/AB_small.jpg"/></div></div></div></td></tr><tr><td><!-- PL : ici --><div class="bloc-produit "><div class="bloc-produit-content"><a title="Voir le produit" href="http://www.refonte.auchandirect.fr/boissons/jus,-softs/boisson-gazeuse/id1/476/100464"><img src="http://www.refonte.auchandirect.fr/static/images/products/line/100464.jpg" alt="" class="produit "/></a><div class="picto"><span class="invisible"></span></div><div class="boutons-produit"><a id="addProductToBasket_37" onclick="javascript:Tapestry.waitForPage(event);" title="Ajouter au panier" class="bt-produit-ajout-panier" href="http://www.refonte.auchandirect.fr/rayon.productgridorlist.productlist_1.thumbnailproduct_0.addproducttobasket/100464?t:ac=476">Ajouter au panier</a><a id="addProductToShoppingList_62" onclick="javascript:Tapestry.waitForPage(event);" title="Ajouter à ma liste" class="bt-produit-ajout-liste" href="http://www.refonte.auchandirect.fr/rayon.productgridorlist.productlist_1.thumbnailproduct_0.addproducttoshoppinglist/100464?t:ac=476">Ajouter à ma liste</a></div><div class="infos-produit-1"><div class="prix-actuel"><span>2.26€</span></div></div><div class="infos-produit-2"><a title="Voir le produit" href="http://www.refonte.auchandirect.fr/boissons/jus,-softs/boisson-gazeuse/id1/476/100464"><h2>BRUT DE POMME</h2><h4>Boisson gazeuse</h4><h4>Pomme</h4><p>
1,5 l
<br/>
1.51€/l
</p></a></div><div class="mini_picto_bas"></div></div></div></td><td><!-- PL : ici --><div class="bloc-produit "><div class="bloc-produit-content"><a title="Voir le produit" href="http://www.refonte.auchandirect.fr/boissons/jus,-softs/boisson-gazeuse-aux-extraits-végétaux/id1/476/100259"><img src="http://www.refonte.auchandirect.fr/static/images/products/line/100259.jpg" alt="" class="produit "/></a><div class="picto"><span class="invisible"></span></div><div class="boutons-produit"><a id="addProductToBasket_38" onclick="javascript:Tapestry.waitForPage(event);" title="Ajouter au panier" class="bt-produit-ajout-panier" href="http://www.refonte.auchandirect.fr/rayon.productgridorlist.productlist_1.thumbnailproduct_0.addproducttobasket/100259?t:ac=476">Ajouter au panier</a><a id="addProductToShoppingList_63" onclick="javascript:Tapestry.waitForPage(event);" title="Ajouter à ma liste" class="bt-produit-ajout-liste" href="http://www.refonte.auchandirect.fr/rayon.productgridorlist.productlist_1.thumbnailproduct_0.addproducttoshoppinglist/100259?t:ac=476">Ajouter à ma liste</a></div><div class="infos-produit-1"><div class="prix-actuel"><span>2.22€</span></div></div><div class="infos-produit-2"><a title="Voir le produit" href="http://www.refonte.auchandirect.fr/boissons/jus,-softs/boisson-gazeuse-aux-extraits-végétaux/id1/476/100259"><h2>CANADA DRY</h2><h4>Boisson gazeuse aux extraits végétaux</h4><h4></h4><p>
1,5 l
<br/>
1.48€/l
</p></a></div><div class="mini_picto_bas"></div></div></div></td><td><!-- PL : ici --><div class="bloc-produit  bientot-dispo"><div class="bloc-produit-content"><a title="Voir le produit" href="http://www.refonte.auchandirect.fr/boissons/jus,-softs/jus-d'orange/id1/476/47555"><img src="http://www.refonte.auchandirect.fr/static/images/products/line/47555.jpg" alt="" class="produit "/></a><div class="picto"><span class="invisible"></span></div><div class="boutons-produit"><a class="bt-produit-ajout-panier disable" title="Bientôt disponible" href="javascript:void(0)">Bientôt disponible</a><a id="addProductToShoppingList_64" onclick="javascript:Tapestry.waitForPage(event);" title="Ajouter à ma liste" class="bt-produit-ajout-liste" href="http://www.refonte.auchandirect.fr/rayon.productgridorlist.productlist_1.thumbnailproduct_0.addproducttoshoppinglist/47555?t:ac=476">Ajouter à ma liste</a></div><div class="infos-produit-1"><div class="prix-actuel"><span>3.90€</span></div></div><div class="infos-produit-2"><a title="Voir le produit" href="http://www.refonte.auchandirect.fr/boissons/jus,-softs/jus-d'orange/id1/476/47555"><h2>CAPRI SUN</h2><h4>Jus d'orange</h4><h4></h4><p>
20 cl
<br/>
1.95€/l
</p></a></div><div class="mini_picto_bas"></div></div></div></td></tr><tr><td><!-- PL : ici --><div class="bloc-produit "><div class="bloc-produit-content"><a title="Voir le produit" href="http://www.refonte.auchandirect.fr/boissons/jus,-softs/multivitamin/id1/476/48087"><img src="http://www.refonte.auchandirect.fr/static/images/products/line/48087.jpg" alt="" class="produit "/></a><div class="picto"><span class="invisible"></span></div><div class="boutons-produit"><a id="addProductToBasket_39" onclick="javascript:Tapestry.waitForPage(event);" title="Ajouter au panier" class="bt-produit-ajout-panier" href="http://www.refonte.auchandirect.fr/rayon.productgridorlist.productlist_1.thumbnailproduct_0.addproducttobasket/48087?t:ac=476">Ajouter au panier</a><a id="addProductToShoppingList_65" onclick="javascript:Tapestry.waitForPage(event);" title="Ajouter à ma liste" class="bt-produit-ajout-liste" href="http://www.refonte.auchandirect.fr/rayon.productgridorlist.productlist_1.thumbnailproduct_0.addproducttoshoppinglist/48087?t:ac=476">Ajouter à ma liste</a></div><div class="infos-produit-1"><div class="prix-actuel"><span>3.85€</span></div></div><div class="infos-produit-2"><a title="Voir le produit" href="http://www.refonte.auchandirect.fr/boissons/jus,-softs/multivitamin/id1/476/48087"><h2>CAPRI SUN</h2><h4>Multivitamin</h4><h4></h4><p>
10 x 20 cl
<br/>
1.93€/l
</p></a></div><div class="mini_picto_bas"></div></div></div></td><td><!-- PL : ici --><div class="bloc-produit  bientot-dispo"><div class="bloc-produit-content"><a title="Voir le produit" href="http://www.refonte.auchandirect.fr/boissons/jus,-softs/pomme/peche/id1/476/59359"><img src="http://www.refonte.auchandirect.fr/static/images/products/line/59359.jpg" alt="" class="produit "/></a><div class="picto"><span class="invisible"></span></div><div class="boutons-produit"><a class="bt-produit-ajout-panier disable" title="Bientôt disponible" href="javascript:void(0)">Bientôt disponible</a><a id="addProductToShoppingList_66" onclick="javascript:Tapestry.waitForPage(event);" title="Ajouter à ma liste" class="bt-produit-ajout-liste" href="http://www.refonte.auchandirect.fr/rayon.productgridorlist.productlist_1.thumbnailproduct_0.addproducttoshoppinglist/59359?t:ac=476">Ajouter à ma liste</a></div><div class="infos-produit-1"><div class="prix-actuel"><span>2.99€</span></div></div><div class="infos-produit-2"><a title="Voir le produit" href="http://www.refonte.auchandirect.fr/boissons/jus,-softs/pomme/peche/id1/476/59359"><h2>CHAMPOMY</h2><h4>Pomme/peche</h4><h4></h4><p>
75 cl
<br/>
3.99€/l
</p></a></div><div class="mini_picto_bas"></div></div></div></td><td><!-- PL : ici --><div class="bloc-produit "><div class="bloc-produit-content"><a title="Voir le produit" href="http://www.refonte.auchandirect.fr/boissons/jus,-softs/boissons-gazeuse-sans-alcool/id1/476/9502"><img src="http://www.refonte.auchandirect.fr/static/images/products/line/9502.jpg" alt="" class="produit "/></a><div class="picto"><span class="invisible"></span></div><div class="boutons-produit"><a id="addProductToBasket_40" onclick="javascript:Tapestry.waitForPage(event);" title="Ajouter au panier" class="bt-produit-ajout-panier" href="http://www.refonte.auchandirect.fr/rayon.productgridorlist.productlist_1.thumbnailproduct_0.addproducttobasket/9502?t:ac=476">Ajouter au panier</a><a id="addProductToShoppingList_67" onclick="javascript:Tapestry.waitForPage(event);" title="Ajouter à ma liste" class="bt-produit-ajout-liste" href="http://www.refonte.auchandirect.fr/rayon.productgridorlist.productlist_1.thumbnailproduct_0.addproducttoshoppinglist/9502?t:ac=476">Ajouter à ma liste</a></div><div class="infos-produit-1"><div class="prix-actuel"><span>3.36€</span></div></div><div class="infos-produit-2"><a title="Voir le produit" href="http://www.refonte.auchandirect.fr/boissons/jus,-softs/boissons-gazeuse-sans-alcool/id1/476/9502"><h2>CHAMPOMY</h2><h4>Boissons gazeuse sans alcool</h4><h4>Pomme</h4><p>
75 cl
<br/>
4.48€/l
</p></a></div><div class="mini_picto_bas"></div></div></div></td></tr><tr><td><!-- PL : ici --><div class="bloc-produit "><div class="bloc-produit-content"><a title="Voir le produit" href="http://www.refonte.auchandirect.fr/boissons/jus,-softs/boisson-gazeuse-aux-extraits-végétaux-sans-sucre/id1/476/34946"><img src="http://www.refonte.auchandirect.fr/static/images/products/line/34946.jpg" alt="" class="produit "/></a><div class="picto"><span class="invisible"></span></div><div class="boutons-produit"><a id="addProductToBasket_41" onclick="javascript:Tapestry.waitForPage(event);" title="Ajouter au panier" class="bt-produit-ajout-panier" href="http://www.refonte.auchandirect.fr/rayon.productgridorlist.productlist_1.thumbnailproduct_0.addproducttobasket/34946?t:ac=476">Ajouter au panier</a><a id="addProductToShoppingList_68" onclick="javascript:Tapestry.waitForPage(event);" title="Ajouter à ma liste" class="bt-produit-ajout-liste" href="http://www.refonte.auchandirect.fr/rayon.productgridorlist.productlist_1.thumbnailproduct_0.addproducttoshoppinglist/34946?t:ac=476">Ajouter à ma liste</a></div><div class="infos-produit-1"><div class="prix-actuel"><span>6.49€</span></div></div><div class="infos-produit-2"><a title="Voir le produit" href="http://www.refonte.auchandirect.fr/boissons/jus,-softs/boisson-gazeuse-aux-extraits-végétaux-sans-sucre/id1/476/34946"><h2>COCA-COLA</h2><h4>Boisson gazeuse aux extraits végétaux sans sucre</h4><h4>Zéro</h4><p>
4 x 1,5 l
<br/>
1.08€/l
</p></a></div><div class="mini_picto_bas"></div></div></div></td><td><!-- PL : ici --><div class="bloc-produit  bientot-dispo"><div class="bloc-produit-content"><a title="Voir le produit" href="http://www.refonte.auchandirect.fr/boissons/jus,-softs/boisson-gazeuse-aux-extraits-végétaux/id1/476/1401"><img src="http://www.refonte.auchandirect.fr/static/images/products/line/1401.jpg" alt="" class="produit "/></a><div class="picto"><span class="invisible"></span></div><div class="boutons-produit"><a class="bt-produit-ajout-panier disable" title="Bientôt disponible" href="javascript:void(0)">Bientôt disponible</a><a id="addProductToShoppingList_69" onclick="javascript:Tapestry.waitForPage(event);" title="Ajouter à ma liste" class="bt-produit-ajout-liste" href="http://www.refonte.auchandirect.fr/rayon.productgridorlist.productlist_1.thumbnailproduct_0.addproducttoshoppinglist/1401?t:ac=476">Ajouter à ma liste</a></div><div class="infos-produit-1"><div class="prix-actuel"><span>1.85€</span></div></div><div class="infos-produit-2"><a title="Voir le produit" href="http://www.refonte.auchandirect.fr/boissons/jus,-softs/boisson-gazeuse-aux-extraits-végétaux/id1/476/1401"><h2>COCA-COLA</h2><h4>Boisson gazeuse aux extraits végétaux</h4><h4></h4><p>
2 l
<br/>
0.93€/l
</p></a></div><div class="mini_picto_bas"></div></div></div></td><td><!-- PL : ici --><div class="bloc-produit "><div class="bloc-produit-content"><a title="Voir le produit" href="http://www.refonte.auchandirect.fr/boissons/jus,-softs/boisson-gazeuse-aux-extraits-végétaux/id1/476/100534"><img src="http://www.refonte.auchandirect.fr/static/images/products/line/100534.jpg" alt="" class="produit "/></a><div class="picto"><span class="invisible"></span></div><div class="boutons-produit"><a id="addProductToBasket_42" onclick="javascript:Tapestry.waitForPage(event);" title="Ajouter au panier" class="bt-produit-ajout-panier" href="http://www.refonte.auchandirect.fr/rayon.productgridorlist.productlist_1.thumbnailproduct_0.addproducttobasket/100534?t:ac=476">Ajouter au panier</a><a id="addProductToShoppingList_70" onclick="javascript:Tapestry.waitForPage(event);" title="Ajouter à ma liste" class="bt-produit-ajout-liste" href="http://www.refonte.auchandirect.fr/rayon.productgridorlist.productlist_1.thumbnailproduct_0.addproducttoshoppinglist/100534?t:ac=476">Ajouter à ma liste</a></div><div class="infos-produit-1"><div class="prix-actuel"><span>1.99€</span></div></div><div class="infos-produit-2"><a title="Voir le produit" href="http://www.refonte.auchandirect.fr/boissons/jus,-softs/boisson-gazeuse-aux-extraits-végétaux/id1/476/100534"><h2>COCA-COLA</h2><h4>Boisson gazeuse aux extraits végétaux</h4><h4>Sans caféine</h4><p>
1,5 l
<br/>
1.33€/l
</p></a></div><div class="mini_picto_bas"></div></div></div></td></tr><tr><td><!-- PL : ici --><div class="bloc-produit  bientot-dispo"><div class="bloc-produit-content"><a title="Voir le produit" href="http://www.refonte.auchandirect.fr/boissons/jus,-softs/boisson-gazeuse-aux-extraits-végétaux/id1/476/100533"><img src="http://www.refonte.auchandirect.fr/static/images/products/line/100533.jpg" alt="" class="produit "/></a><div class="picto"><span class="invisible"></span></div><div class="boutons-produit"><a class="bt-produit-ajout-panier disable" title="Bientôt disponible" href="javascript:void(0)">Bientôt disponible</a><a id="addProductToShoppingList_71" onclick="javascript:Tapestry.waitForPage(event);" title="Ajouter à ma liste" class="bt-produit-ajout-liste" href="http://www.refonte.auchandirect.fr/rayon.productgridorlist.productlist_1.thumbnailproduct_0.addproducttoshoppinglist/100533?t:ac=476">Ajouter à ma liste</a></div><div class="infos-produit-1"><div class="prix-actuel"><span>1.64€</span></div></div><div class="infos-produit-2"><a title="Voir le produit" href="http://www.refonte.auchandirect.fr/boissons/jus,-softs/boisson-gazeuse-aux-extraits-végétaux/id1/476/100533"><h2>COCA-COLA</h2><h4>Boisson gazeuse aux extraits végétaux</h4><h4>Light</h4><p>
1,5 l
<br/>
1.09€/l
</p></a></div><div class="mini_picto_bas"></div></div></div></td><td><!-- PL : ici --><div class="bloc-produit "><div class="bloc-produit-content"><a title="Voir le produit" href="http://www.refonte.auchandirect.fr/boissons/jus,-softs/boisson-gazeuse-aux-extraits-végétaux/id1/476/100352"><img src="http://www.refonte.auchandirect.fr/static/images/products/line/100352.jpg" alt="" class="produit "/></a><div class="picto"><span class="invisible"></span></div><div class="boutons-produit"><a id="addProductToBasket_43" onclick="javascript:Tapestry.waitForPage(event);" title="Ajouter au panier" class="bt-produit-ajout-panier" href="http://www.refonte.auchandirect.fr/rayon.productgridorlist.productlist_1.thumbnailproduct_0.addproducttobasket/100352?t:ac=476">Ajouter au panier</a><a id="addProductToShoppingList_72" onclick="javascript:Tapestry.waitForPage(event);" title="Ajouter à ma liste" class="bt-produit-ajout-liste" href="http://www.refonte.auchandirect.fr/rayon.productgridorlist.productlist_1.thumbnailproduct_0.addproducttoshoppinglist/100352?t:ac=476">Ajouter à ma liste</a></div><div class="infos-produit-1"><div class="prix-actuel"><span>2.06€</span></div></div><div class="infos-produit-2"><a title="Voir le produit" href="http://www.refonte.auchandirect.fr/boissons/jus,-softs/boisson-gazeuse-aux-extraits-végétaux/id1/476/100352"><h2>COCA-COLA</h2><h4>Boisson gazeuse aux extraits végétaux</h4><h4>Light sans caféine</h4><p>
1,5 l
<br/>
1.37€/l
</p></a></div><div class="mini_picto_bas"></div></div></div></td><td><!-- PL : ici --><div class="bloc-produit "><div class="bloc-produit-content"><a title="Voir le produit" href="http://www.refonte.auchandirect.fr/boissons/jus,-softs/boisson-gazeuse-aux-extraits-végétaux/id1/476/100033"><img src="http://www.refonte.auchandirect.fr/static/images/products/line/100033.jpg" alt="" class="produit "/></a><div class="picto"><span class="invisible"></span></div><div class="boutons-produit"><a id="addProductToBasket_44" onclick="javascript:Tapestry.waitForPage(event);" title="Ajouter au panier" class="bt-produit-ajout-panier" href="http://www.refonte.auchandirect.fr/rayon.productgridorlist.productlist_1.thumbnailproduct_0.addproducttobasket/100033?t:ac=476">Ajouter au panier</a><a id="addProductToShoppingList_73" onclick="javascript:Tapestry.waitForPage(event);" title="Ajouter à ma liste" class="bt-produit-ajout-liste" href="http://www.refonte.auchandirect.fr/rayon.productgridorlist.productlist_1.thumbnailproduct_0.addproducttoshoppinglist/100033?t:ac=476">Ajouter à ma liste</a></div><div class="infos-produit-1"><div class="prix-actuel"><span>1.56€</span></div></div><div class="infos-produit-2"><a title="Voir le produit" href="http://www.refonte.auchandirect.fr/boissons/jus,-softs/boisson-gazeuse-aux-extraits-végétaux/id1/476/100033"><h2>COCA-COLA</h2><h4>Boisson gazeuse aux extraits végétaux</h4><h4></h4><p>
1,5 l
<br/>
1.04€/l
</p></a></div><div class="mini_picto_bas"></div></div></div></td></tr><tr><td><!-- PL : ici --><div class="bloc-produit "><div class="bloc-produit-content"><a title="Voir le produit" href="http://www.refonte.auchandirect.fr/boissons/jus,-softs/boisson-gazeuse-aux-extraits-végétaux/id1/476/59236"><img src="http://www.refonte.auchandirect.fr/static/images/products/line/59236.jpg" alt="" class="produit "/></a><div class="picto"><span class="invisible"></span></div><div class="boutons-produit"><a id="addProductToBasket_45" onclick="javascript:Tapestry.waitForPage(event);" title="Ajouter au panier" class="bt-produit-ajout-panier" href="http://www.refonte.auchandirect.fr/rayon.productgridorlist.productlist_1.thumbnailproduct_0.addproducttobasket/59236?t:ac=476">Ajouter au panier</a><a id="addProductToShoppingList_74" onclick="javascript:Tapestry.waitForPage(event);" title="Ajouter à ma liste" class="bt-produit-ajout-liste" href="http://www.refonte.auchandirect.fr/rayon.productgridorlist.productlist_1.thumbnailproduct_0.addproducttoshoppinglist/59236?t:ac=476">Ajouter à ma liste</a></div><div class="infos-produit-1"><div class="prix-actuel"><span>1.80€</span></div></div><div class="infos-produit-2"><a title="Voir le produit" href="http://www.refonte.auchandirect.fr/boissons/jus,-softs/boisson-gazeuse-aux-extraits-végétaux/id1/476/59236"><h2>COCA-COLA</h2><h4>Boisson gazeuse aux extraits végétaux</h4><h4>Zéro sans caféine</h4><p>
1, 5 l
<br/>
1.20€/l
</p></a></div><div class="mini_picto_bas"></div></div></div></td><td><!-- PL : ici --><div class="bloc-produit "><div class="bloc-produit-content"><a title="Voir le produit" href="http://www.refonte.auchandirect.fr/boissons/jus,-softs/cherry/id1/476/58934"><img src="http://www.refonte.auchandirect.fr/static/images/products/line/58934.jpg" alt="" class="produit "/></a><div class="picto"><span class="invisible"></span></div><div class="boutons-produit"><a id="addProductToBasket_46" onclick="javascript:Tapestry.waitForPage(event);" title="Ajouter au panier" class="bt-produit-ajout-panier" href="http://www.refonte.auchandirect.fr/rayon.productgridorlist.productlist_1.thumbnailproduct_0.addproducttobasket/58934?t:ac=476">Ajouter au panier</a><a id="addProductToShoppingList_75" onclick="javascript:Tapestry.waitForPage(event);" title="Ajouter à ma liste" class="bt-produit-ajout-liste" href="http://www.refonte.auchandirect.fr/rayon.productgridorlist.productlist_1.thumbnailproduct_0.addproducttoshoppinglist/58934?t:ac=476">Ajouter à ma liste</a></div><div class="infos-produit-1"><div class="prix-actuel"><span>2.19€</span></div></div><div class="infos-produit-2"><a title="Voir le produit" href="http://www.refonte.auchandirect.fr/boissons/jus,-softs/cherry/id1/476/58934"><h2>COCA-COLA</h2><h4>Cherry</h4><h4></h4><p>
1,25 l
<br/>
1.75€/l
</p></a></div><div class="mini_picto_bas"></div></div></div></td><td><!-- PL : ici --><div class="bloc-produit "><div class="bloc-produit-content"><a title="Voir le produit" href="http://www.refonte.auchandirect.fr/boissons/jus,-softs/boisson-gazeuse-aux-extraits-végétaux-sans-sucre/id1/476/55805"><img src="http://www.refonte.auchandirect.fr/static/images/products/line/55805.jpg" alt="" class="produit "/></a><div class="picto"><span class="invisible"></span></div><div class="boutons-produit"><a id="addProductToBasket_47" onclick="javascript:Tapestry.waitForPage(event);" title="Ajouter au panier" class="bt-produit-ajout-panier" href="http://www.refonte.auchandirect.fr/rayon.productgridorlist.productlist_1.thumbnailproduct_0.addproducttobasket/55805?t:ac=476">Ajouter au panier</a><a id="addProductToShoppingList_76" onclick="javascript:Tapestry.waitForPage(event);" title="Ajouter à ma liste" class="bt-produit-ajout-liste" href="http://www.refonte.auchandirect.fr/rayon.productgridorlist.productlist_1.thumbnailproduct_0.addproducttoshoppinglist/55805?t:ac=476">Ajouter à ma liste</a></div><div class="infos-produit-1"><div class="prix-actuel"><span>2.03€</span></div></div><div class="infos-produit-2"><a title="Voir le produit" href="http://www.refonte.auchandirect.fr/boissons/jus,-softs/boisson-gazeuse-aux-extraits-végétaux-sans-sucre/id1/476/55805"><h2>COCA-COLA</h2><h4>Boisson gazeuse aux extraits végétaux sans sucre</h4><h4>Zéro</h4><p>
2 l
<br/>
1.02€/l
</p></a></div><div class="mini_picto_bas"></div></div></div></td></tr><tr><td><!-- PL : ici --><div class="bloc-produit "><div class="bloc-produit-content"><a title="Voir le produit" href="http://www.refonte.auchandirect.fr/boissons/jus,-softs/boisson-gazeuse-aux-extraits-végétaux-sans-sucre/id1/476/30799"><img src="http://www.refonte.auchandirect.fr/static/images/products/line/30799.jpg" alt="" class="produit "/></a><div class="picto"><span class="invisible"></span></div><div class="boutons-produit"><a id="addProductToBasket_48" onclick="javascript:Tapestry.waitForPage(event);" title="Ajouter au panier" class="bt-produit-ajout-panier" href="http://www.refonte.auchandirect.fr/rayon.productgridorlist.productlist_1.thumbnailproduct_0.addproducttobasket/30799?t:ac=476">Ajouter au panier</a><a id="addProductToShoppingList_77" onclick="javascript:Tapestry.waitForPage(event);" title="Ajouter à ma liste" class="bt-produit-ajout-liste" href="http://www.refonte.auchandirect.fr/rayon.productgridorlist.productlist_1.thumbnailproduct_0.addproducttoshoppinglist/30799?t:ac=476">Ajouter à ma liste</a></div><div class="infos-produit-1"><div class="prix-actuel"><span>1.64€</span></div></div><div class="infos-produit-2"><a title="Voir le produit" href="http://www.refonte.auchandirect.fr/boissons/jus,-softs/boisson-gazeuse-aux-extraits-végétaux-sans-sucre/id1/476/30799"><h2>COCA-COLA</h2><h4>Boisson gazeuse aux extraits végétaux sans sucre</h4><h4>Zéro</h4><p>
1,5 l
<br/>
1.09€/l
</p></a></div><div class="mini_picto_bas"></div></div></div></td><td><!-- PL : ici --><div class="bloc-produit "><div class="bloc-produit-content"><a title="Voir le produit" href="http://www.refonte.auchandirect.fr/boissons/jus,-softs/boisson-gazeuse-light-aux-extraits-végétaux/id1/476/31819"><img src="http://www.refonte.auchandirect.fr/static/images/products/line/31819.jpg" alt="" class="produit "/></a><div class="picto"><span class="invisible"></span></div><div class="boutons-produit"><a id="addProductToBasket_49" onclick="javascript:Tapestry.waitForPage(event);" title="Ajouter au panier" class="bt-produit-ajout-panier" href="http://www.refonte.auchandirect.fr/rayon.productgridorlist.productlist_1.thumbnailproduct_0.addproducttobasket/31819?t:ac=476">Ajouter au panier</a><a id="addProductToShoppingList_78" onclick="javascript:Tapestry.waitForPage(event);" title="Ajouter à ma liste" class="bt-produit-ajout-liste" href="http://www.refonte.auchandirect.fr/rayon.productgridorlist.productlist_1.thumbnailproduct_0.addproducttoshoppinglist/31819?t:ac=476">Ajouter à ma liste</a></div><div class="infos-produit-1"><div class="prix-actuel"><span>6.57€</span></div></div><div class="infos-produit-2"><a title="Voir le produit" href="http://www.refonte.auchandirect.fr/boissons/jus,-softs/boisson-gazeuse-light-aux-extraits-végétaux/id1/476/31819"><h2>COCA-COLA</h2><h4>Boisson gazeuse light aux extraits végétaux</h4><h4>Light</h4><p>
4 x 1,5 l
<br/>
1.10€/l
</p></a></div><div class="mini_picto_bas"></div></div></div></td><td><!-- PL : ici --><div class="bloc-produit "><div class="bloc-produit-content"><a title="Voir le produit" href="http://www.refonte.auchandirect.fr/boissons/jus,-softs/boisson-gazeuse-aux-extraits-végétaux/id1/476/31818"><img src="http://www.refonte.auchandirect.fr/static/images/products/line/31818.jpg" alt="" class="produit "/></a><div class="picto"><span class="invisible"></span></div><div class="boutons-produit"><a id="addProductToBasket_50" onclick="javascript:Tapestry.waitForPage(event);" title="Ajouter au panier" class="bt-produit-ajout-panier" href="http://www.refonte.auchandirect.fr/rayon.productgridorlist.productlist_1.thumbnailproduct_0.addproducttobasket/31818?t:ac=476">Ajouter au panier</a><a id="addProductToShoppingList_79" onclick="javascript:Tapestry.waitForPage(event);" title="Ajouter à ma liste" class="bt-produit-ajout-liste" href="http://www.refonte.auchandirect.fr/rayon.productgridorlist.productlist_1.thumbnailproduct_0.addproducttoshoppinglist/31818?t:ac=476">Ajouter à ma liste</a></div><div class="infos-produit-1"><div class="prix-actuel"><span>5.97€</span></div></div><div class="infos-produit-2"><a title="Voir le produit" href="http://www.refonte.auchandirect.fr/boissons/jus,-softs/boisson-gazeuse-aux-extraits-végétaux/id1/476/31818"><h2>COCA-COLA</h2><h4>Boisson gazeuse aux extraits végétaux</h4><h4></h4><p>
4 x 1,5 l
<br/>
1.00€/l
</p></a></div><div class="mini_picto_bas"></div></div></div></td></tr><tr><td><!-- PL : ici --><div class="bloc-produit  bientot-dispo"><div class="bloc-produit-content"><a title="Voir le produit" href="http://www.refonte.auchandirect.fr/boissons/jus,-softs/boisson-gazeuse-aux-extraits-végétaux/id1/476/46894"><img src="http://www.refonte.auchandirect.fr/static/images/products/line/46894.jpg" alt="" class="produit "/></a><div class="picto"><span class="invisible"></span></div><div class="boutons-produit"><a class="bt-produit-ajout-panier disable" title="Bientôt disponible" href="javascript:void(0)">Bientôt disponible</a><a id="addProductToShoppingList_80" onclick="javascript:Tapestry.waitForPage(event);" title="Ajouter à ma liste" class="bt-produit-ajout-liste" href="http://www.refonte.auchandirect.fr/rayon.productgridorlist.productlist_1.thumbnailproduct_0.addproducttoshoppinglist/46894?t:ac=476">Ajouter à ma liste</a></div><div class="infos-produit-1"><div class="prix-actuel"><span>2.13€</span></div></div><div class="infos-produit-2"><a title="Voir le produit" href="http://www.refonte.auchandirect.fr/boissons/jus,-softs/boisson-gazeuse-aux-extraits-végétaux/id1/476/46894"><h2>COCA-COLA</h2><h4>Boisson gazeuse aux extraits végétaux</h4><h4>Light</h4><p>
2 l
<br/>
1.07€/l
</p></a></div><div class="mini_picto_bas"></div></div></div></td><td><!-- PL : ici --><div class="bloc-produit "><div class="bloc-produit-content"><a title="Voir le produit" href="http://www.refonte.auchandirect.fr/boissons/jus,-softs/boisson-gazeuse-aux-extraits-végétaux/id1/476/1615"><img src="http://www.refonte.auchandirect.fr/static/images/products/line/1615.jpg" alt="" class="produit "/></a><div class="picto"><span class="invisible"></span></div><div class="boutons-produit"><a id="addProductToBasket_51" onclick="javascript:Tapestry.waitForPage(event);" title="Ajouter au panier" class="bt-produit-ajout-panier" href="http://www.refonte.auchandirect.fr/rayon.productgridorlist.productlist_1.thumbnailproduct_0.addproducttobasket/1615?t:ac=476">Ajouter au panier</a><a id="addProductToShoppingList_81" onclick="javascript:Tapestry.waitForPage(event);" title="Ajouter à ma liste" class="bt-produit-ajout-liste" href="http://www.refonte.auchandirect.fr/rayon.productgridorlist.productlist_1.thumbnailproduct_0.addproducttoshoppinglist/1615?t:ac=476">Ajouter à ma liste</a></div><div class="infos-produit-1"><div class="prix-actuel"><span>3.81€</span></div></div><div class="infos-produit-2"><a title="Voir le produit" href="http://www.refonte.auchandirect.fr/boissons/jus,-softs/boisson-gazeuse-aux-extraits-végétaux/id1/476/1615"><h2>COCA-COLA</h2><h4>Boisson gazeuse aux extraits végétaux</h4><h4>Light</h4><p>
4 x 50 cl
<br/>
1.91€/l
</p></a></div><div class="mini_picto_bas"></div></div></div></td><td><!-- PL : ici --><div class="bloc-produit  bientot-dispo"><div class="bloc-produit-content"><a title="Voir le produit" href="http://www.refonte.auchandirect.fr/boissons/jus,-softs/boisson-gazeuse-aux-extraits-végétaux/id1/476/100192"><img src="http://www.refonte.auchandirect.fr/static/images/products/line/100192.jpg" alt="" class="produit "/></a><div class="picto"><span class="invisible"></span></div><div class="boutons-produit"><a class="bt-produit-ajout-panier disable" title="Bientôt disponible" href="javascript:void(0)">Bientôt disponible</a><a id="addProductToShoppingList_82" onclick="javascript:Tapestry.waitForPage(event);" title="Ajouter à ma liste" class="bt-produit-ajout-liste" href="http://www.refonte.auchandirect.fr/rayon.productgridorlist.productlist_1.thumbnailproduct_0.addproducttoshoppinglist/100192?t:ac=476">Ajouter à ma liste</a></div><div class="infos-produit-1"><div class="prix-actuel"><span>3.68€</span></div></div><div class="infos-produit-2"><a title="Voir le produit" href="http://www.refonte.auchandirect.fr/boissons/jus,-softs/boisson-gazeuse-aux-extraits-végétaux/id1/476/100192"><h2>COCA-COLA</h2><h4>Boisson gazeuse aux extraits végétaux</h4><h4></h4><p>
4 x 50 cl
<br/>
1.84€/l
</p></a></div><div class="mini_picto_bas"></div></div></div></td></tr><tr><td><!-- PL : ici --><div class="bloc-produit "><div class="bloc-produit-content"><a title="Voir le produit" href="http://www.refonte.auchandirect.fr/boissons/jus,-softs/boisson-gazeuse-aux-extraits-végétaux-sans-sucre/id1/476/37353"><img src="http://www.refonte.auchandirect.fr/static/images/products/line/37353.jpg" alt="" class="produit "/></a><div class="picto"><span class="invisible"></span></div><div class="boutons-produit"><a id="addProductToBasket_52" onclick="javascript:Tapestry.waitForPage(event);" title="Ajouter au panier" class="bt-produit-ajout-panier" href="http://www.refonte.auchandirect.fr/rayon.productgridorlist.productlist_1.thumbnailproduct_0.addproducttobasket/37353?t:ac=476">Ajouter au panier</a><a id="addProductToShoppingList_83" onclick="javascript:Tapestry.waitForPage(event);" title="Ajouter à ma liste" class="bt-produit-ajout-liste" href="http://www.refonte.auchandirect.fr/rayon.productgridorlist.productlist_1.thumbnailproduct_0.addproducttoshoppinglist/37353?t:ac=476">Ajouter à ma liste</a></div><div class="infos-produit-1"><div class="prix-actuel"><span>3.81€</span></div></div><div class="infos-produit-2"><a title="Voir le produit" href="http://www.refonte.auchandirect.fr/boissons/jus,-softs/boisson-gazeuse-aux-extraits-végétaux-sans-sucre/id1/476/37353"><h2>COCA-COLA</h2><h4>Boisson gazeuse aux extraits végétaux sans sucre</h4><h4>Zéro</h4><p>
4 x 50 cl
<br/>
1.91€/l
</p></a></div><div class="mini_picto_bas"></div></div></div></td><td><!-- PL : ici --><div class="bloc-produit "><div class="bloc-produit-content"><a title="Voir le produit" href="http://www.refonte.auchandirect.fr/boissons/jus,-softs/boisson-gazeuse-aux-extraits-végétaux/id1/476/47054"><img src="http://www.refonte.auchandirect.fr/static/images/products/line/47054.jpg" alt="" class="produit "/></a><div class="picto"><span class="invisible"></span></div><div class="boutons-produit"><a id="addProductToBasket_53" onclick="javascript:Tapestry.waitForPage(event);" title="Ajouter au panier" class="bt-produit-ajout-panier" href="http://www.refonte.auchandirect.fr/rayon.productgridorlist.productlist_1.thumbnailproduct_0.addproducttobasket/47054?t:ac=476">Ajouter au panier</a><a id="addProductToShoppingList_84" onclick="javascript:Tapestry.waitForPage(event);" title="Ajouter à ma liste" class="bt-produit-ajout-liste" href="http://www.refonte.auchandirect.fr/rayon.productgridorlist.productlist_1.thumbnailproduct_0.addproducttoshoppinglist/47054?t:ac=476">Ajouter à ma liste</a></div><div class="infos-produit-1"><div class="prix-actuel"><span>4.99€</span></div></div><div class="infos-produit-2"><a title="Voir le produit" href="http://www.refonte.auchandirect.fr/boissons/jus,-softs/boisson-gazeuse-aux-extraits-végétaux/id1/476/47054"><h2>COCA-COLA</h2><h4>Boisson gazeuse aux extraits végétaux</h4><h4>Zéro</h4><p>
12 x 15 cl
<br/>
2.77€/l
</p></a></div><div class="mini_picto_bas"></div></div></div></td><td><!-- PL : ici --><div class="bloc-produit "><div class="bloc-produit-content"><a title="Voir le produit" href="http://www.refonte.auchandirect.fr/boissons/jus,-softs/boisson-gazeuse-aux-extraits-végétaux/id1/476/59235"><img src="http://www.refonte.auchandirect.fr/static/images/products/line/59235.jpg" alt="" class="produit "/></a><div class="picto"><span class="invisible"></span></div><div class="boutons-produit"><a id="addProductToBasket_54" onclick="javascript:Tapestry.waitForPage(event);" title="Ajouter au panier" class="bt-produit-ajout-panier" href="http://www.refonte.auchandirect.fr/rayon.productgridorlist.productlist_1.thumbnailproduct_0.addproducttobasket/59235?t:ac=476">Ajouter au panier</a><a id="addProductToShoppingList_85" onclick="javascript:Tapestry.waitForPage(event);" title="Ajouter à ma liste" class="bt-produit-ajout-liste" href="http://www.refonte.auchandirect.fr/rayon.productgridorlist.productlist_1.thumbnailproduct_0.addproducttoshoppinglist/59235?t:ac=476">Ajouter à ma liste</a></div><div class="infos-produit-1"><div class="prix-actuel"><span>3.32€</span></div></div><div class="infos-produit-2"><a title="Voir le produit" href="http://www.refonte.auchandirect.fr/boissons/jus,-softs/boisson-gazeuse-aux-extraits-végétaux/id1/476/59235"><h2>COCA-COLA</h2><h4>Boisson gazeuse aux extraits végétaux</h4><h4>Zéro sans caféine</h4><p>
6 x 33 cl
<br/>
1.68€/l
</p></a></div><div class="mini_picto_bas"></div></div></div></td></tr><tr><td><!-- PL : ici --><div class="bloc-produit "><div class="bloc-produit-content"><a title="Voir le produit" href="http://www.refonte.auchandirect.fr/boissons/jus,-softs/boisson-gazeuse-zéro-sucre/id1/476/60963"><img src="http://www.refonte.auchandirect.fr/static/images/products/line/60963.jpg" alt="" class="produit "/></a><div class="picto"><span class="invisible"></span></div><div class="boutons-produit"><a id="addProductToBasket_55" onclick="javascript:Tapestry.waitForPage(event);" title="Ajouter au panier" class="bt-produit-ajout-panier" href="http://www.refonte.auchandirect.fr/rayon.productgridorlist.productlist_1.thumbnailproduct_0.addproducttobasket/60963?t:ac=476">Ajouter au panier</a><a id="addProductToShoppingList_86" onclick="javascript:Tapestry.waitForPage(event);" title="Ajouter à ma liste" class="bt-produit-ajout-liste" href="http://www.refonte.auchandirect.fr/rayon.productgridorlist.productlist_1.thumbnailproduct_0.addproducttoshoppinglist/60963?t:ac=476">Ajouter à ma liste</a></div><div class="infos-produit-1"><div class="prix-actuel"><span>5.39€</span></div></div><div class="infos-produit-2"><a title="Voir le produit" href="http://www.refonte.auchandirect.fr/boissons/jus,-softs/boisson-gazeuse-zéro-sucre/id1/476/60963"><h2>COCA-COLA</h2><h4>Boisson gazeuse zéro sucre</h4><h4>Frigo pack</h4><p>
10 x 33 cl
<br/>
1.63€/l
</p></a></div><div class="mini_picto_bas"></div></div></div></td><td><!-- PL : ici --><div class="bloc-produit "><div class="bloc-produit-content"><a title="Voir le produit" href="http://www.refonte.auchandirect.fr/boissons/jus,-softs/boisson-gazeuse/id1/476/46732"><img src="http://www.refonte.auchandirect.fr/static/images/products/line/46732.jpg" alt="" class="produit "/></a><div class="picto"><span class="invisible"></span></div><div class="boutons-produit"><a id="addProductToBasket_56" onclick="javascript:Tapestry.waitForPage(event);" title="Ajouter au panier" class="bt-produit-ajout-panier" href="http://www.refonte.auchandirect.fr/rayon.productgridorlist.productlist_1.thumbnailproduct_0.addproducttobasket/46732?t:ac=476">Ajouter au panier</a><a id="addProductToShoppingList_87" onclick="javascript:Tapestry.waitForPage(event);" title="Ajouter à ma liste" class="bt-produit-ajout-liste" href="http://www.refonte.auchandirect.fr/rayon.productgridorlist.productlist_1.thumbnailproduct_0.addproducttoshoppinglist/46732?t:ac=476">Ajouter à ma liste</a></div><div class="infos-produit-1"><div class="prix-actuel"><span>6.21€</span></div></div><div class="infos-produit-2"><a title="Voir le produit" href="http://www.refonte.auchandirect.fr/boissons/jus,-softs/boisson-gazeuse/id1/476/46732"><h2>COCA-COLA</h2><h4>Boisson gazeuse</h4><h4></h4><p>
8 x 25 cl
<br/>
3.11€/l
</p></a></div><div class="mini_picto_bas"></div></div></div></td><td><!-- PL : ici --><div class="bloc-produit "><div class="bloc-produit-content"><a title="Voir le produit" href="http://www.refonte.auchandirect.fr/boissons/jus,-softs/boisson-gazeuse-aux-extraits-végétaux-sans-sucre/id1/476/32392"><img src="http://www.refonte.auchandirect.fr/static/images/products/line/32392.jpg" alt="" class="produit "/></a><div class="picto"><span class="invisible"></span></div><div class="boutons-produit"><a id="addProductToBasket_57" onclick="javascript:Tapestry.waitForPage(event);" title="Ajouter au panier" class="bt-produit-ajout-panier" href="http://www.refonte.auchandirect.fr/rayon.productgridorlist.productlist_1.thumbnailproduct_0.addproducttobasket/32392?t:ac=476">Ajouter au panier</a><a id="addProductToShoppingList_88" onclick="javascript:Tapestry.waitForPage(event);" title="Ajouter à ma liste" class="bt-produit-ajout-liste" href="http://www.refonte.auchandirect.fr/rayon.productgridorlist.productlist_1.thumbnailproduct_0.addproducttoshoppinglist/32392?t:ac=476">Ajouter à ma liste</a></div><div class="infos-produit-1"><div class="prix-actuel"><span>4.99€</span></div></div><div class="infos-produit-2"><a title="Voir le produit" href="http://www.refonte.auchandirect.fr/boissons/jus,-softs/boisson-gazeuse-aux-extraits-végétaux-sans-sucre/id1/476/32392"><h2>COCA-COLA</h2><h4>Boisson gazeuse aux extraits végétaux sans sucre</h4><h4>Light mini</h4><p>
12 x 15 cl
<br/>
2.77€/l
</p></a></div><div class="mini_picto_bas"></div></div></div></td></tr><tr><td><!-- PL : ici --><div class="bloc-produit "><div class="bloc-produit-content"><a title="Voir le produit" href="http://www.refonte.auchandirect.fr/boissons/jus,-softs/boisson-gazeuse-aux-extraits-végétaux/id1/476/1532"><img src="http://www.refonte.auchandirect.fr/static/images/products/line/1532.jpg" alt="" class="produit "/></a><div class="picto"><span class="invisible"></span></div><div class="boutons-produit"><a id="addProductToBasket_58" onclick="javascript:Tapestry.waitForPage(event);" title="Ajouter au panier" class="bt-produit-ajout-panier" href="http://www.refonte.auchandirect.fr/rayon.productgridorlist.productlist_1.thumbnailproduct_0.addproducttobasket/1532?t:ac=476">Ajouter au panier</a><a id="addProductToShoppingList_89" onclick="javascript:Tapestry.waitForPage(event);" title="Ajouter à ma liste" class="bt-produit-ajout-liste" href="http://www.refonte.auchandirect.fr/rayon.productgridorlist.productlist_1.thumbnailproduct_0.addproducttoshoppinglist/1532?t:ac=476">Ajouter à ma liste</a></div><div class="infos-produit-1"><div class="prix-actuel"><span>2.60€</span></div></div><div class="infos-produit-2"><a title="Voir le produit" href="http://www.refonte.auchandirect.fr/boissons/jus,-softs/boisson-gazeuse-aux-extraits-végétaux/id1/476/1532"><h2>COCA-COLA</h2><h4>Boisson gazeuse aux extraits végétaux</h4><h4></h4><p>
6 x 33 cl
<br/>
1.31€/l
</p></a></div><div class="mini_picto_bas"></div></div></div></td><td><!-- PL : ici --><div class="bloc-produit "><div class="bloc-produit-content"><a title="Voir le produit" href="http://www.refonte.auchandirect.fr/boissons/jus,-softs/boisson-gazeuse-aux-extraits-végétaux/id1/476/22027"><img src="http://www.refonte.auchandirect.fr/static/images/products/line/22027.jpg" alt="" class="produit "/></a><div class="picto"><span class="invisible"></span></div><div class="boutons-produit"><a id="addProductToBasket_59" onclick="javascript:Tapestry.waitForPage(event);" title="Ajouter au panier" class="bt-produit-ajout-panier" href="http://www.refonte.auchandirect.fr/rayon.productgridorlist.productlist_1.thumbnailproduct_0.addproducttobasket/22027?t:ac=476">Ajouter au panier</a><a id="addProductToShoppingList_90" onclick="javascript:Tapestry.waitForPage(event);" title="Ajouter à ma liste" class="bt-produit-ajout-liste" href="http://www.refonte.auchandirect.fr/rayon.productgridorlist.productlist_1.thumbnailproduct_0.addproducttoshoppinglist/22027?t:ac=476">Ajouter à ma liste</a></div><div class="infos-produit-1"><div class="prix-actuel"><span>5.40€</span></div></div><div class="infos-produit-2"><a title="Voir le produit" href="http://www.refonte.auchandirect.fr/boissons/jus,-softs/boisson-gazeuse-aux-extraits-végétaux/id1/476/22027"><h2>COCA-COLA</h2><h4>Boisson gazeuse aux extraits végétaux</h4><h4>Frigo pack</h4><p>
10 x 33 cl
<br/>
1.64€/l
</p></a></div><div class="mini_picto_bas"></div></div></div></td><td><!-- PL : ici --><div class="bloc-produit "><div class="bloc-produit-content"><a title="Voir le produit" href="http://www.refonte.auchandirect.fr/boissons/jus,-softs/boisson-gazeuse-extraits-végétaux-sans-sucre/id1/476/22029"><img src="http://www.refonte.auchandirect.fr/static/images/products/line/22029.jpg" alt="" class="produit "/></a><div class="picto"><span class="invisible"></span></div><div class="boutons-produit"><a id="addProductToBasket_60" onclick="javascript:Tapestry.waitForPage(event);" title="Ajouter au panier" class="bt-produit-ajout-panier" href="http://www.refonte.auchandirect.fr/rayon.productgridorlist.productlist_1.thumbnailproduct_0.addproducttobasket/22029?t:ac=476">Ajouter au panier</a><a id="addProductToShoppingList_91" onclick="javascript:Tapestry.waitForPage(event);" title="Ajouter à ma liste" class="bt-produit-ajout-liste" href="http://www.refonte.auchandirect.fr/rayon.productgridorlist.productlist_1.thumbnailproduct_0.addproducttoshoppinglist/22029?t:ac=476">Ajouter à ma liste</a></div><div class="infos-produit-1"><div class="prix-actuel"><span>5.48€</span></div></div><div class="infos-produit-2"><a title="Voir le produit" href="http://www.refonte.auchandirect.fr/boissons/jus,-softs/boisson-gazeuse-extraits-végétaux-sans-sucre/id1/476/22029"><h2>COCA-COLA</h2><h4>Boisson gazeuse extraits végétaux sans sucre</h4><h4>Frigo pack Light</h4><p>
10 x 33 cl
<br/>
1.66€/l
</p></a></div><div class="mini_picto_bas"></div></div></div></td></tr><tr><td><!-- PL : ici --><div class="bloc-produit "><div class="bloc-produit-content"><a title="Voir le produit" href="http://www.refonte.auchandirect.fr/boissons/jus,-softs/boisson-gazeuse-aux-extraits-végétaux-sans-sucre/id1/476/30800"><img src="http://www.refonte.auchandirect.fr/static/images/products/line/30800.jpg" alt="" class="produit "/></a><div class="picto"><span class="invisible"></span></div><div class="boutons-produit"><a id="addProductToBasket_61" onclick="javascript:Tapestry.waitForPage(event);" title="Ajouter au panier" class="bt-produit-ajout-panier" href="http://www.refonte.auchandirect.fr/rayon.productgridorlist.productlist_1.thumbnailproduct_0.addproducttobasket/30800?t:ac=476">Ajouter au panier</a><a id="addProductToShoppingList_92" onclick="javascript:Tapestry.waitForPage(event);" title="Ajouter à ma liste" class="bt-produit-ajout-liste" href="http://www.refonte.auchandirect.fr/rayon.productgridorlist.productlist_1.thumbnailproduct_0.addproducttoshoppinglist/30800?t:ac=476">Ajouter à ma liste</a></div><div class="infos-produit-1"><div class="prix-actuel"><span>2.69€</span></div></div><div class="infos-produit-2"><a title="Voir le produit" href="http://www.refonte.auchandirect.fr/boissons/jus,-softs/boisson-gazeuse-aux-extraits-végétaux-sans-sucre/id1/476/30800"><h2>COCA-COLA</h2><h4>Boisson gazeuse aux extraits végétaux sans sucre</h4><h4>Zéro</h4><p>
6 x 33 cl
<br/>
1.36€/l
</p></a></div><div class="mini_picto_bas"></div></div></div></td><td><!-- PL : ici --><div class="bloc-produit "><div class="bloc-produit-content"><a title="Voir le produit" href="http://www.refonte.auchandirect.fr/boissons/jus,-softs/boisson-gazeuse-aux-extraits-végétaux/id1/476/30895"><img src="http://www.refonte.auchandirect.fr/static/images/products/line/30895.jpg" alt="" class="produit "/></a><div class="picto"><span class="invisible"></span></div><div class="boutons-produit"><a id="addProductToBasket_62" onclick="javascript:Tapestry.waitForPage(event);" title="Ajouter au panier" class="bt-produit-ajout-panier" href="http://www.refonte.auchandirect.fr/rayon.productgridorlist.productlist_1.thumbnailproduct_0.addproducttobasket/30895?t:ac=476">Ajouter au panier</a><a id="addProductToShoppingList_93" onclick="javascript:Tapestry.waitForPage(event);" title="Ajouter à ma liste" class="bt-produit-ajout-liste" href="http://www.refonte.auchandirect.fr/rayon.productgridorlist.productlist_1.thumbnailproduct_0.addproducttoshoppinglist/30895?t:ac=476">Ajouter à ma liste</a></div><div class="infos-produit-1"><div class="prix-actuel"><span>4.99€</span></div></div><div class="infos-produit-2"><a title="Voir le produit" href="http://www.refonte.auchandirect.fr/boissons/jus,-softs/boisson-gazeuse-aux-extraits-végétaux/id1/476/30895"><h2>COCA-COLA</h2><h4>Boisson gazeuse aux extraits végétaux</h4><h4>Mini</h4><p>
12 x 15 cl
<br/>
2.77€/l
</p></a></div><div class="mini_picto_bas"></div></div></div></td><td><!-- PL : ici --><div class="bloc-produit  bientot-dispo"><div class="bloc-produit-content"><a title="Voir le produit" href="http://www.refonte.auchandirect.fr/boissons/jus,-softs/boisson-gazeuse-aux-extraits-végétaux/id1/476/100973"><img src="http://www.refonte.auchandirect.fr/static/images/products/line/100973.jpg" alt="" class="produit "/></a><div class="picto"><span class="invisible"></span></div><div class="boutons-produit"><a class="bt-produit-ajout-panier disable" title="Bientôt disponible" href="javascript:void(0)">Bientôt disponible</a><a id="addProductToShoppingList_94" onclick="javascript:Tapestry.waitForPage(event);" title="Ajouter à ma liste" class="bt-produit-ajout-liste" href="http://www.refonte.auchandirect.fr/rayon.productgridorlist.productlist_1.thumbnailproduct_0.addproducttoshoppinglist/100973?t:ac=476">Ajouter à ma liste</a></div><div class="infos-produit-1"><div class="prix-actuel"><span>2.53€</span></div></div><div class="infos-produit-2"><a title="Voir le produit" href="http://www.refonte.auchandirect.fr/boissons/jus,-softs/boisson-gazeuse-aux-extraits-végétaux/id1/476/100973"><h2>COCA-COLA</h2><h4>Boisson gazeuse aux extraits végétaux</h4><h4>Light</h4><p>
6 x 33 cl
<br/>
1.28€/l
</p></a></div><div class="mini_picto_bas"></div></div></div></td></tr><tr><td><!-- PL : ici --><div class="bloc-produit "><div class="bloc-produit-content"><a title="Voir le produit" href="http://www.refonte.auchandirect.fr/bio-ecolo/boissons-bio/jus-d'orange-du-brésil/id1/455/96723"><img src="http://www.refonte.auchandirect.fr/static/images/products/line/96723.jpg" alt="" class="produit "/></a><div class="picto"><span class="invisible"></span></div><div class="boutons-produit"><a id="addProductToBasket_63" onclick="javascript:Tapestry.waitForPage(event);" title="Ajouter au panier" class="bt-produit-ajout-panier" href="http://www.refonte.auchandirect.fr/rayon.productgridorlist.productlist_1.thumbnailproduct_0.addproducttobasket/96723?t:ac=476">Ajouter au panier</a><a id="addProductToShoppingList_95" onclick="javascript:Tapestry.waitForPage(event);" title="Ajouter à ma liste" class="bt-produit-ajout-liste" href="http://www.refonte.auchandirect.fr/rayon.productgridorlist.productlist_1.thumbnailproduct_0.addproducttoshoppinglist/96723?t:ac=476">Ajouter à ma liste</a></div><div class="infos-produit-1"><div class="prix-actuel"><span>2.50€</span></div></div><div class="infos-produit-2"><a title="Voir le produit" href="http://www.refonte.auchandirect.fr/bio-ecolo/boissons-bio/jus-d'orange-du-brésil/id1/455/96723"><h2>ETHIQUABLE</h2><h4>Jus d'orange du Brésil</h4><h4></h4><p>
1 l
<br/>
2.50€/l
</p></a></div><div class="mini_picto_bas"><img src="http://www.refonte.auchandirect.fr/static/images/AB_small.jpg"/></div></div></div></td><td><!-- PL : ici --><div class="bloc-produit "><div class="bloc-produit-content"><a title="Voir le produit" href="http://www.refonte.auchandirect.fr/boissons/jus,-softs/nectar-de-citron-vert-du-brésil/id1/476/96726"><img src="http://www.refonte.auchandirect.fr/static/images/products/line/96726.jpg" alt="" class="produit "/></a><div class="picto"><span class="invisible"></span></div><div class="boutons-produit"><a id="addProductToBasket_64" onclick="javascript:Tapestry.waitForPage(event);" title="Ajouter au panier" class="bt-produit-ajout-panier" href="http://www.refonte.auchandirect.fr/rayon.productgridorlist.productlist_1.thumbnailproduct_0.addproducttobasket/96726?t:ac=476">Ajouter au panier</a><a id="addProductToShoppingList_96" onclick="javascript:Tapestry.waitForPage(event);" title="Ajouter à ma liste" class="bt-produit-ajout-liste" href="http://www.refonte.auchandirect.fr/rayon.productgridorlist.productlist_1.thumbnailproduct_0.addproducttoshoppinglist/96726?t:ac=476">Ajouter à ma liste</a></div><div class="infos-produit-1"><div class="prix-actuel"><span>2.82€</span></div></div><div class="infos-produit-2"><a title="Voir le produit" href="http://www.refonte.auchandirect.fr/boissons/jus,-softs/nectar-de-citron-vert-du-brésil/id1/476/96726"><h2>ETHIQUABLE</h2><h4>Nectar de citron vert du Brésil</h4><h4></h4><p>
1 l
<br/>
2.82€/l
</p></a></div><div class="mini_picto_bas"></div></div></div></td><td><!-- PL : ici --><div class="bloc-produit "><div class="bloc-produit-content"><a title="Voir le produit" href="http://www.refonte.auchandirect.fr/boissons/jus,-softs/boisson-gazeuse/id1/476/100408"><img src="http://www.refonte.auchandirect.fr/static/images/products/line/100408.jpg" alt="" class="produit "/></a><div class="picto"><span class="invisible"></span></div><div class="boutons-produit"><a id="addProductToBasket_65" onclick="javascript:Tapestry.waitForPage(event);" title="Ajouter au panier" class="bt-produit-ajout-panier" href="http://www.refonte.auchandirect.fr/rayon.productgridorlist.productlist_1.thumbnailproduct_0.addproducttobasket/100408?t:ac=476">Ajouter au panier</a><a id="addProductToShoppingList_97" onclick="javascript:Tapestry.waitForPage(event);" title="Ajouter à ma liste" class="bt-produit-ajout-liste" href="http://www.refonte.auchandirect.fr/rayon.productgridorlist.productlist_1.thumbnailproduct_0.addproducttoshoppinglist/100408?t:ac=476">Ajouter à ma liste</a></div><div class="infos-produit-1"><div class="prix-actuel"><span>1.63€</span></div></div><div class="infos-produit-2"><a title="Voir le produit" href="http://www.refonte.auchandirect.fr/boissons/jus,-softs/boisson-gazeuse/id1/476/100408"><h2>FANTA</h2><h4>Boisson gazeuse</h4><h4>Orange</h4><p>
1,5 l
<br/>
1.09€/l
</p></a></div><div class="mini_picto_bas"></div></div></div></td></tr><tr><td><!-- PL : ici --><div class="bloc-produit  bientot-dispo"><div class="bloc-produit-content"><a title="Voir le produit" href="http://www.refonte.auchandirect.fr/boissons/jus,-softs/boisson-gazeuse-au-jus-d'agrumes/id1/476/2003"><img src="http://www.refonte.auchandirect.fr/static/images/products/line/2003.jpg" alt="" class="produit "/></a><div class="picto"><span class="invisible"></span></div><div class="boutons-produit"><a class="bt-produit-ajout-panier disable" title="Bientôt disponible" href="javascript:void(0)">Bientôt disponible</a><a id="addProductToShoppingList_98" onclick="javascript:Tapestry.waitForPage(event);" title="Ajouter à ma liste" class="bt-produit-ajout-liste" href="http://www.refonte.auchandirect.fr/rayon.productgridorlist.productlist_1.thumbnailproduct_0.addproducttoshoppinglist/2003?t:ac=476">Ajouter à ma liste</a></div><div class="infos-produit-1"><div class="prix-actuel"><span>1.78€</span></div></div><div class="infos-produit-2"><a title="Voir le produit" href="http://www.refonte.auchandirect.fr/boissons/jus,-softs/boisson-gazeuse-au-jus-d'agrumes/id1/476/2003"><h2>FANTA</h2><h4>Boisson gazeuse au jus d'agrumes</h4><h4>Citron frappé</h4><p>
1,5 l
<br/>
1.19€/l
</p></a></div><div class="mini_picto_bas"></div></div></div></td><td><!-- PL : ici --><div class="bloc-produit "><div class="bloc-produit-content"><a title="Voir le produit" href="http://www.refonte.auchandirect.fr/boissons/jus,-softs/boisson-gazeuse-au-jus-d'orange-avec-édulcorants/id1/476/31298"><img src="http://www.refonte.auchandirect.fr/static/images/products/line/31298.jpg" alt="" class="produit "/></a><div class="picto"><span class="invisible"></span></div><div class="boutons-produit"><a id="addProductToBasket_66" onclick="javascript:Tapestry.waitForPage(event);" title="Ajouter au panier" class="bt-produit-ajout-panier" href="http://www.refonte.auchandirect.fr/rayon.productgridorlist.productlist_1.thumbnailproduct_0.addproducttobasket/31298?t:ac=476">Ajouter au panier</a><a id="addProductToShoppingList_99" onclick="javascript:Tapestry.waitForPage(event);" title="Ajouter à ma liste" class="bt-produit-ajout-liste" href="http://www.refonte.auchandirect.fr/rayon.productgridorlist.productlist_1.thumbnailproduct_0.addproducttoshoppinglist/31298?t:ac=476">Ajouter à ma liste</a></div><div class="infos-produit-1"><div class="prix-actuel"><span>2.14€</span></div></div><div class="infos-produit-2"><a title="Voir le produit" href="http://www.refonte.auchandirect.fr/boissons/jus,-softs/boisson-gazeuse-au-jus-d'orange-avec-édulcorants/id1/476/31298"><h2>FANTA</h2><h4>Boisson gazeuse au jus d'orange avec édulcorants</h4><h4>Zéro orange</h4><p>
1,5 l
<br/>
1.43€/l
</p></a></div><div class="mini_picto_bas"></div></div></div></td><td><!-- PL : ici --><div class="bloc-produit "><div class="bloc-produit-content"><a title="Voir le produit" href="http://www.refonte.auchandirect.fr/boissons/jus,-softs/orange/id1/476/100234"><img src="http://www.refonte.auchandirect.fr/static/images/products/line/100234.jpg" alt="" class="produit "/></a><div class="picto"><span class="invisible"></span></div><div class="boutons-produit"><a id="addProductToBasket_67" onclick="javascript:Tapestry.waitForPage(event);" title="Ajouter au panier" class="bt-produit-ajout-panier" href="http://www.refonte.auchandirect.fr/rayon.productgridorlist.productlist_1.thumbnailproduct_0.addproducttobasket/100234?t:ac=476">Ajouter au panier</a><a id="addProductToShoppingList_100" onclick="javascript:Tapestry.waitForPage(event);" title="Ajouter à ma liste" class="bt-produit-ajout-liste" href="http://www.refonte.auchandirect.fr/rayon.productgridorlist.productlist_1.thumbnailproduct_0.addproducttoshoppinglist/100234?t:ac=476">Ajouter à ma liste</a></div><div class="infos-produit-1"><div class="prix-actuel"><span>2.72€</span></div></div><div class="infos-produit-2"><a title="Voir le produit" href="http://www.refonte.auchandirect.fr/boissons/jus,-softs/orange/id1/476/100234"><h2>FANTA</h2><h4>Orange</h4><h4></h4><p>
6 x 33 cl
<br/>
1.37€/l
</p></a></div><div class="mini_picto_bas"></div></div></div></td></tr><tr><td><!-- PL : ici --><div class="bloc-produit  bientot-dispo"><div class="bloc-produit-content"><a title="Voir le produit" href="http://www.refonte.auchandirect.fr/boissons/jus,-softs/boisson-gazeuse-au-citron/id1/476/91857"><img src="http://www.refonte.auchandirect.fr/static/images/products/line/91857.jpg" alt="" class="produit "/></a><div class="picto"><span class="invisible"></span></div><div class="boutons-produit"><a class="bt-produit-ajout-panier disable" title="Bientôt disponible" href="javascript:void(0)">Bientôt disponible</a><a id="addProductToShoppingList_101" onclick="javascript:Tapestry.waitForPage(event);" title="Ajouter à ma liste" class="bt-produit-ajout-liste" href="http://www.refonte.auchandirect.fr/rayon.productgridorlist.productlist_1.thumbnailproduct_0.addproducttoshoppinglist/91857?t:ac=476">Ajouter à ma liste</a></div><div class="infos-produit-1"><div class="prix-actuel"><span>2.99€</span></div></div><div class="infos-produit-2"><a title="Voir le produit" href="http://www.refonte.auchandirect.fr/boissons/jus,-softs/boisson-gazeuse-au-citron/id1/476/91857"><h2>FANTA</h2><h4>Boisson gazeuse au citron</h4><h4></h4><p>
6 x 33 cl
<br/>
1.51€/l
</p></a></div><div class="mini_picto_bas"></div></div></div></td><td><!-- PL : ici --><div class="bloc-produit "><div class="bloc-produit-content"><a title="Voir le produit" href="http://www.refonte.auchandirect.fr/boissons/jus,-softs/jus-d'orange-en-brique/id1/476/40338"><img src="http://www.refonte.auchandirect.fr/static/images/products/line/40338.jpg" alt="" class="produit "/></a><div class="picto"><span class="invisible"></span></div><div class="boutons-produit"><a id="addProductToBasket_68" onclick="javascript:Tapestry.waitForPage(event);" title="Ajouter au panier" class="bt-produit-ajout-panier" href="http://www.refonte.auchandirect.fr/rayon.productgridorlist.productlist_1.thumbnailproduct_0.addproducttobasket/40338?t:ac=476">Ajouter au panier</a><a id="addProductToShoppingList_102" onclick="javascript:Tapestry.waitForPage(event);" title="Ajouter à ma liste" class="bt-produit-ajout-liste" href="http://www.refonte.auchandirect.fr/rayon.productgridorlist.productlist_1.thumbnailproduct_0.addproducttoshoppinglist/40338?t:ac=476">Ajouter à ma liste</a></div><div class="infos-produit-1"><div class="prix-actuel"><span>1.98€</span></div></div><div class="infos-produit-2"><a title="Voir le produit" href="http://www.refonte.auchandirect.fr/boissons/jus,-softs/jus-d'orange-en-brique/id1/476/40338"><h2>FRUITE</h2><h4>Jus d'orange en brique</h4><h4></h4><p>
1, 5 l
<br/>
1.32€/l
</p></a></div><div class="mini_picto_bas"></div></div></div></td><td><!-- PL : ici --><div class="bloc-produit "><div class="bloc-produit-content"><a title="Voir le produit" href="http://www.refonte.auchandirect.fr/boissons/jus,-softs/jus-de-cranberry/id1/476/55397"><img src="http://www.refonte.auchandirect.fr/static/images/products/line/55397.jpg" alt="" class="produit "/></a><div class="picto"><span class="invisible"></span></div><div class="boutons-produit"><a id="addProductToBasket_69" onclick="javascript:Tapestry.waitForPage(event);" title="Ajouter au panier" class="bt-produit-ajout-panier" href="http://www.refonte.auchandirect.fr/rayon.productgridorlist.productlist_1.thumbnailproduct_0.addproducttobasket/55397?t:ac=476">Ajouter au panier</a><a id="addProductToShoppingList_103" onclick="javascript:Tapestry.waitForPage(event);" title="Ajouter à ma liste" class="bt-produit-ajout-liste" href="http://www.refonte.auchandirect.fr/rayon.productgridorlist.productlist_1.thumbnailproduct_0.addproducttoshoppinglist/55397?t:ac=476">Ajouter à ma liste</a></div><div class="infos-produit-1"><div class="prix-actuel"><span>3.44€</span></div></div><div class="infos-produit-2"><a title="Voir le produit" href="http://www.refonte.auchandirect.fr/boissons/jus,-softs/jus-de-cranberry/id1/476/55397"><h2>GAYELORD HAUSER</h2><h4>Jus de cranberry</h4><h4></h4><p>
75 cl
<br/>
4.59€/l
</p></a></div><div class="mini_picto_bas"></div></div></div></td></tr><tr><td><!-- PL : ici --><div class="bloc-produit "><div class="bloc-produit-content"><a title="Voir le produit" href="http://www.refonte.auchandirect.fr/boissons/jus,-softs/nectar-de-pruneaux/id1/476/3090"><img src="http://www.refonte.auchandirect.fr/static/images/products/line/3090.jpg" alt="" class="produit "/></a><div class="picto"><span class="invisible"></span></div><div class="boutons-produit"><a id="addProductToBasket_70" onclick="javascript:Tapestry.waitForPage(event);" title="Ajouter au panier" class="bt-produit-ajout-panier" href="http://www.refonte.auchandirect.fr/rayon.productgridorlist.productlist_1.thumbnailproduct_0.addproducttobasket/3090?t:ac=476">Ajouter au panier</a><a id="addProductToShoppingList_104" onclick="javascript:Tapestry.waitForPage(event);" title="Ajouter à ma liste" class="bt-produit-ajout-liste" href="http://www.refonte.auchandirect.fr/rayon.productgridorlist.productlist_1.thumbnailproduct_0.addproducttoshoppinglist/3090?t:ac=476">Ajouter à ma liste</a></div><div class="infos-produit-1"><div class="prix-actuel"><span>3.50€</span></div></div><div class="infos-produit-2"><a title="Voir le produit" href="http://www.refonte.auchandirect.fr/boissons/jus,-softs/nectar-de-pruneaux/id1/476/3090"><h2>GAYELORD HAUSER</h2><h4>Nectar de pruneaux</h4><h4>Bien-être</h4><p>
75 cl
<br/>
4.67€/l
</p></a></div><div class="mini_picto_bas"></div></div></div></td><td><!-- PL : ici --><div class="bloc-produit "><div class="bloc-produit-content"><a title="Voir le produit" href="http://www.refonte.auchandirect.fr/boissons/jus,-softs/boisson-gazeuse-aux-extraits-de-citron/id1/476/100769"><img src="http://www.refonte.auchandirect.fr/static/images/products/line/100769.jpg" alt="" class="produit "/></a><div class="picto"><span class="invisible"></span></div><div class="boutons-produit"><a id="addProductToBasket_71" onclick="javascript:Tapestry.waitForPage(event);" title="Ajouter au panier" class="bt-produit-ajout-panier" href="http://www.refonte.auchandirect.fr/rayon.productgridorlist.productlist_1.thumbnailproduct_0.addproducttobasket/100769?t:ac=476">Ajouter au panier</a><a id="addProductToShoppingList_105" onclick="javascript:Tapestry.waitForPage(event);" title="Ajouter à ma liste" class="bt-produit-ajout-liste" href="http://www.refonte.auchandirect.fr/rayon.productgridorlist.productlist_1.thumbnailproduct_0.addproducttoshoppinglist/100769?t:ac=476">Ajouter à ma liste</a></div><div class="infos-produit-1"><div class="prix-actuel"><span>2.18€</span></div></div><div class="infos-produit-2"><a title="Voir le produit" href="http://www.refonte.auchandirect.fr/boissons/jus,-softs/boisson-gazeuse-aux-extraits-de-citron/id1/476/100769"><h2>GINI</h2><h4>Boisson gazeuse aux extraits de citron</h4><h4>Lemon</h4><p>
1,5 l
<br/>
1.45€/l
</p></a></div><div class="mini_picto_bas"></div></div></div></td><td><!-- PL : ici --><div class="bloc-produit  bientot-dispo"><div class="bloc-produit-content"><a title="Voir le produit" href="http://www.refonte.auchandirect.fr/boissons/jus,-softs/jus-de-framboise/id1/476/56660"><img src="http://www.refonte.auchandirect.fr/static/images/products/line/56660.jpg" alt="" class="produit "/></a><div class="picto"><span class="invisible"></span></div><div class="boutons-produit"><a class="bt-produit-ajout-panier disable" title="Bientôt disponible" href="javascript:void(0)">Bientôt disponible</a><a id="addProductToShoppingList_106" onclick="javascript:Tapestry.waitForPage(event);" title="Ajouter à ma liste" class="bt-produit-ajout-liste" href="http://www.refonte.auchandirect.fr/rayon.productgridorlist.productlist_1.thumbnailproduct_0.addproducttoshoppinglist/56660?t:ac=476">Ajouter à ma liste</a></div><div class="infos-produit-1"><div class="prix-actuel"><span>2.70€</span></div></div><div class="infos-produit-2"><a title="Voir le produit" href="http://www.refonte.auchandirect.fr/boissons/jus,-softs/jus-de-framboise/id1/476/56660"><h2>GRANINI</h2><h4>Jus de framboise</h4><h4></h4><p>
1 l
<br/>
2.70€/l
</p></a></div><div class="mini_picto_bas"></div></div></div></td></tr><tr><td><!-- PL : ici --><div class="bloc-produit "><div class="bloc-produit-content"><a title="Voir le produit" href="http://www.refonte.auchandirect.fr/boissons/jus,-softs/jus-de-goyave/id1/476/33760"><img src="http://www.refonte.auchandirect.fr/static/images/products/line/33760.jpg" alt="" class="produit "/></a><div class="picto"><span class="invisible"></span></div><div class="boutons-produit"><a id="addProductToBasket_72" onclick="javascript:Tapestry.waitForPage(event);" title="Ajouter au panier" class="bt-produit-ajout-panier" href="http://www.refonte.auchandirect.fr/rayon.productgridorlist.productlist_1.thumbnailproduct_0.addproducttobasket/33760?t:ac=476">Ajouter au panier</a><a id="addProductToShoppingList_107" onclick="javascript:Tapestry.waitForPage(event);" title="Ajouter à ma liste" class="bt-produit-ajout-liste" href="http://www.refonte.auchandirect.fr/rayon.productgridorlist.productlist_1.thumbnailproduct_0.addproducttoshoppinglist/33760?t:ac=476">Ajouter à ma liste</a></div><div class="infos-produit-1"><div class="prix-actuel"><span>2.70€</span></div></div><div class="infos-produit-2"><a title="Voir le produit" href="http://www.refonte.auchandirect.fr/boissons/jus,-softs/jus-de-goyave/id1/476/33760"><h2>GRANINI</h2><h4>Jus de goyave</h4><h4></h4><p>
1 l
<br/>
2.70€/l
</p></a></div><div class="mini_picto_bas"></div></div></div></td><td><!-- PL : ici --><div class="bloc-produit "><div class="bloc-produit-content"><a title="Voir le produit" href="http://www.refonte.auchandirect.fr/boissons/jus,-softs/jus-de-mangue/id1/476/33759"><img src="http://www.refonte.auchandirect.fr/static/images/products/line/33759.jpg" alt="" class="produit "/></a><div class="picto"><span class="invisible"></span></div><div class="boutons-produit"><a id="addProductToBasket_73" onclick="javascript:Tapestry.waitForPage(event);" title="Ajouter au panier" class="bt-produit-ajout-panier" href="http://www.refonte.auchandirect.fr/rayon.productgridorlist.productlist_1.thumbnailproduct_0.addproducttobasket/33759?t:ac=476">Ajouter au panier</a><a id="addProductToShoppingList_108" onclick="javascript:Tapestry.waitForPage(event);" title="Ajouter à ma liste" class="bt-produit-ajout-liste" href="http://www.refonte.auchandirect.fr/rayon.productgridorlist.productlist_1.thumbnailproduct_0.addproducttoshoppinglist/33759?t:ac=476">Ajouter à ma liste</a></div><div class="infos-produit-1"><div class="prix-actuel"><span>2.70€</span></div></div><div class="infos-produit-2"><a title="Voir le produit" href="http://www.refonte.auchandirect.fr/boissons/jus,-softs/jus-de-mangue/id1/476/33759"><h2>GRANINI</h2><h4>Jus de mangue</h4><h4></h4><p>
1 l
<br/>
2.70€/l
</p></a></div><div class="mini_picto_bas"></div></div></div></td><td><!-- PL : ici --><div class="bloc-produit  bientot-dispo"><div class="bloc-produit-content"><a title="Voir le produit" href="../smoothie-de-fruits/id1/476/49135.html"><img src="http://www.refonte.auchandirect.fr/static/images/products/line/49135.jpg" alt="" class="produit "/></a><div class="picto"><span class="invisible"></span></div><div class="boutons-produit"><a class="bt-produit-ajout-panier disable" title="Bientôt disponible" href="javascript:void(0)">Bientôt disponible</a><a id="addProductToShoppingList_109" onclick="javascript:Tapestry.waitForPage(event);" title="Ajouter à ma liste" class="bt-produit-ajout-liste" href="http://www.refonte.auchandirect.fr/rayon.productgridorlist.productlist_1.thumbnailproduct_0.addproducttoshoppinglist/49135?t:ac=476">Ajouter à ma liste</a></div><div class="infos-produit-1"><div class="prix-actuel"><span>2.99€</span></div></div><div class="infos-produit-2"><a title="Voir le produit" href="../smoothie-de-fruits/id1/476/49135.html"><h2>INNOCENT</h2><h4>Smoothie de fruits</h4><h4>Mangue passion</h4><p>
750 ml
<br/>
3.99€/l
</p></a></div><div class="mini_picto_bas"><img alt="frais" src="http://www.refonte.auchandirect.fr/static/images/frais_small.jpg"/><img src="http://www.refonte.auchandirect.fr/static/images/DLC-garantie-6j_small.jpg"/></div></div></div></td></tr><tr><td><!-- PL : ici --><div class="bloc-produit  bientot-dispo"><div class="bloc-produit-content"><a title="Voir le produit" href="../smoothie-de-fruits/id1/476/49136.html"><img src="http://www.refonte.auchandirect.fr/static/images/products/line/49136.jpg" alt="" class="produit "/></a><div class="picto"><span class="invisible"></span></div><div class="boutons-produit"><a class="bt-produit-ajout-panier disable" title="Bientôt disponible" href="javascript:void(0)">Bientôt disponible</a><a id="addProductToShoppingList_110" onclick="javascript:Tapestry.waitForPage(event);" title="Ajouter à ma liste" class="bt-produit-ajout-liste" href="http://www.refonte.auchandirect.fr/rayon.productgridorlist.productlist_1.thumbnailproduct_0.addproducttoshoppinglist/49136?t:ac=476">Ajouter à ma liste</a></div><div class="infos-produit-1"><div class="prix-actuel"><span>2.99€</span></div></div><div class="infos-produit-2"><a title="Voir le produit" href="../smoothie-de-fruits/id1/476/49136.html"><h2>INNOCENT</h2><h4>Smoothie de fruits</h4><h4>Fraise banane</h4><p>
750 ml
<br/>
3.99€/l
</p></a></div><div class="mini_picto_bas"><img alt="frais" src="http://www.refonte.auchandirect.fr/static/images/frais_small.jpg"/><img src="http://www.refonte.auchandirect.fr/static/images/DLC-garantie-6j_small.jpg"/></div></div></div></td><td><!-- PL : ici --><div class="bloc-produit  bientot-dispo"><div class="bloc-produit-content"><a title="Voir le produit" href="../smoothie-de-fruits/id1/476/49137.html"><img src="http://www.refonte.auchandirect.fr/static/images/products/line/49137.jpg" alt="" class="produit "/></a><div class="picto"><span class="invisible"></span></div><div class="boutons-produit"><a class="bt-produit-ajout-panier disable" title="Bientôt disponible" href="javascript:void(0)">Bientôt disponible</a><a id="addProductToShoppingList_111" onclick="javascript:Tapestry.waitForPage(event);" title="Ajouter à ma liste" class="bt-produit-ajout-liste" href="http://www.refonte.auchandirect.fr/rayon.productgridorlist.productlist_1.thumbnailproduct_0.addproducttoshoppinglist/49137?t:ac=476">Ajouter à ma liste</a></div><div class="infos-produit-1"><div class="prix-actuel"><span>2.99€</span></div></div><div class="infos-produit-2"><a title="Voir le produit" href="../smoothie-de-fruits/id1/476/49137.html"><h2>INNOCENT</h2><h4>Smoothie de fruits</h4><h4>Ananas banane coco</h4><p>
750 ml
<br/>
3.99€/l
</p></a></div><div class="mini_picto_bas"><img alt="frais" src="http://www.refonte.auchandirect.fr/static/images/frais_small.jpg"/><img src="http://www.refonte.auchandirect.fr/static/images/DLC-garantie-6j_small.jpg"/></div></div></div></td><td><!-- PL : ici --><div class="bloc-produit  bientot-dispo"><div class="bloc-produit-content"><a title="Voir le produit" href="../smoothie-de-fruits/id1/476/58506.html"><img src="http://www.refonte.auchandirect.fr/static/images/products/line/58506.jpg" alt="" class="produit "/></a><div class="picto"><span class="invisible"></span></div><div class="boutons-produit"><a class="bt-produit-ajout-panier disable" title="Bientôt disponible" href="javascript:void(0)">Bientôt disponible</a><a id="addProductToShoppingList_112" onclick="javascript:Tapestry.waitForPage(event);" title="Ajouter à ma liste" class="bt-produit-ajout-liste" href="http://www.refonte.auchandirect.fr/rayon.productgridorlist.productlist_1.thumbnailproduct_0.addproducttoshoppinglist/58506?t:ac=476">Ajouter à ma liste</a></div><div class="infos-produit-1"><div class="prix-actuel"><span>2.99€</span></div></div><div class="infos-produit-2"><a title="Voir le produit" href="../smoothie-de-fruits/id1/476/58506.html"><h2>INNOCENT</h2><h4>Smoothie de fruits</h4><h4>Kiwi pomme ananas</h4><p>
750 ml
<br/>
3.99€/l
</p></a></div><div class="mini_picto_bas"><img alt="frais" src="http://www.refonte.auchandirect.fr/static/images/frais_small.jpg"/><img src="http://www.refonte.auchandirect.fr/static/images/DLC-garantie-6j_small.jpg"/></div></div></div></td></tr><tr><td><!-- PL : ici --><div class="bloc-produit  bientot-dispo"><div class="bloc-produit-content"><a title="Voir le produit" href="../smoothie-de-fruits/id1/476/58507.html"><img src="http://www.refonte.auchandirect.fr/static/images/products/line/58507.jpg" alt="" class="produit "/></a><div class="picto"><span class="invisible"></span></div><div class="boutons-produit"><a class="bt-produit-ajout-panier disable" title="Bientôt disponible" href="javascript:void(0)">Bientôt disponible</a><a id="addProductToShoppingList_113" onclick="javascript:Tapestry.waitForPage(event);" title="Ajouter à ma liste" class="bt-produit-ajout-liste" href="http://www.refonte.auchandirect.fr/rayon.productgridorlist.productlist_1.thumbnailproduct_0.addproducttoshoppinglist/58507?t:ac=476">Ajouter à ma liste</a></div><div class="infos-produit-1"><div class="prix-actuel"><span>2.99€</span></div></div><div class="infos-produit-2"><a title="Voir le produit" href="../smoothie-de-fruits/id1/476/58507.html"><h2>INNOCENT</h2><h4>Smoothie de fruits</h4><h4>Fraises mûres</h4><p>
750 ml
<br/>
3.99€/l
</p></a></div><div class="mini_picto_bas"><img alt="frais" src="http://www.refonte.auchandirect.fr/static/images/frais_small.jpg"/><img src="http://www.refonte.auchandirect.fr/static/images/DLC-garantie-6j_small.jpg"/></div></div></div></td><td><!-- PL : ici --><div class="bloc-produit "><div class="bloc-produit-content"><a title="Voir le produit" href="http://www.refonte.auchandirect.fr/bio-ecolo/boissons-bio/pur-jus-de-citron-de-sicile/id1/455/72760"><img src="http://www.refonte.auchandirect.fr/static/images/products/line/72760.jpg" alt="" class="produit "/></a><div class="picto"><span class="invisible"></span></div><div class="boutons-produit"><a id="addProductToBasket_74" onclick="javascript:Tapestry.waitForPage(event);" title="Ajouter au panier" class="bt-produit-ajout-panier" href="http://www.refonte.auchandirect.fr/rayon.productgridorlist.productlist_1.thumbnailproduct_0.addproducttobasket/72760?t:ac=476">Ajouter au panier</a><a id="addProductToShoppingList_114" onclick="javascript:Tapestry.waitForPage(event);" title="Ajouter à ma liste" class="bt-produit-ajout-liste" href="http://www.refonte.auchandirect.fr/rayon.productgridorlist.productlist_1.thumbnailproduct_0.addproducttoshoppinglist/72760?t:ac=476">Ajouter à ma liste</a></div><div class="infos-produit-1"><div class="prix-actuel"><span>1.93€</span></div></div><div class="infos-produit-2"><a title="Voir le produit" href="http://www.refonte.auchandirect.fr/bio-ecolo/boissons-bio/pur-jus-de-citron-de-sicile/id1/455/72760"><h2>JARDIN BIO</h2><h4>Pur jus de citron de Sicile</h4><h4></h4><p>
25 cl
<br/>
77.20€/kg
</p></a></div><div class="mini_picto_bas"></div></div></div></td><td><!-- PL : ici --><div class="bloc-produit "><div class="bloc-produit-content"><a title="Voir le produit" href="http://www.refonte.auchandirect.fr/boissons/jus,-softs/100-pur-jus-d'orange-sans-pulpe/id1/476/100390"><img src="http://www.refonte.auchandirect.fr/static/images/products/line/100390.jpg" alt="" class="produit "/></a><div class="picto"><span class="invisible"></span></div><div class="boutons-produit"><a id="addProductToBasket_75" onclick="javascript:Tapestry.waitForPage(event);" title="Ajouter au panier" class="bt-produit-ajout-panier" href="http://www.refonte.auchandirect.fr/rayon.productgridorlist.productlist_1.thumbnailproduct_0.addproducttobasket/100390?t:ac=476">Ajouter au panier</a><a id="addProductToShoppingList_115" onclick="javascript:Tapestry.waitForPage(event);" title="Ajouter à ma liste" class="bt-produit-ajout-liste" href="http://www.refonte.auchandirect.fr/rayon.productgridorlist.productlist_1.thumbnailproduct_0.addproducttoshoppinglist/100390?t:ac=476">Ajouter à ma liste</a></div><div class="infos-produit-1"><div class="prix-actuel"><span>1.96€</span></div></div><div class="infos-produit-2"><a title="Voir le produit" href="http://www.refonte.auchandirect.fr/boissons/jus,-softs/100-pur-jus-d'orange-sans-pulpe/id1/476/100390"><h2>JOKER</h2><h4>100 % pur jus d'orange sans pulpe</h4><h4></h4><p>
1 l
<br/>
1.96€/l
</p></a></div><div class="mini_picto_bas"></div></div></div></td></tr><tr><td><!-- PL : ici --><div class="bloc-produit "><div class="bloc-produit-content"><a title="Voir le produit" href="http://www.refonte.auchandirect.fr/boissons/jus,-softs/100-pur-jus-d'orange-pressées-sans-pulpe/id1/476/18504"><img src="http://www.refonte.auchandirect.fr/static/images/products/line/18504.jpg" alt="" class="produit "/></a><div class="picto"><span class="invisible"></span></div><div class="boutons-produit"><a id="addProductToBasket_76" onclick="javascript:Tapestry.waitForPage(event);" title="Ajouter au panier" class="bt-produit-ajout-panier" href="http://www.refonte.auchandirect.fr/rayon.productgridorlist.productlist_1.thumbnailproduct_0.addproducttobasket/18504?t:ac=476">Ajouter au panier</a><a id="addProductToShoppingList_116" onclick="javascript:Tapestry.waitForPage(event);" title="Ajouter à ma liste" class="bt-produit-ajout-liste" href="http://www.refonte.auchandirect.fr/rayon.productgridorlist.productlist_1.thumbnailproduct_0.addproducttoshoppinglist/18504?t:ac=476">Ajouter à ma liste</a></div><div class="infos-produit-1"><div class="prix-actuel"><span>4.09€</span></div></div><div class="infos-produit-2"><a title="Voir le produit" href="http://www.refonte.auchandirect.fr/boissons/jus,-softs/100-pur-jus-d'orange-pressées-sans-pulpe/id1/476/18504"><h2>JOKER</h2><h4>100 % pur jus d'orange pressées sans pulpe</h4><h4></h4><p>
2 l
<br/>
2.05€/l
</p></a></div><div class="mini_picto_bas"></div></div></div></td><td><!-- PL : ici --><div class="bloc-produit  bientot-dispo"><div class="bloc-produit-content"><a title="Voir le produit" href="http://www.refonte.auchandirect.fr/boissons/jus,-softs/jus-d'orange-concentré-sans-pulpe/id1/476/1393"><img src="http://www.refonte.auchandirect.fr/static/images/products/line/1393.jpg" alt="" class="produit "/></a><div class="picto"><span class="invisible"></span></div><div class="boutons-produit"><a class="bt-produit-ajout-panier disable" title="Bientôt disponible" href="javascript:void(0)">Bientôt disponible</a><a id="addProductToShoppingList_117" onclick="javascript:Tapestry.waitForPage(event);" title="Ajouter à ma liste" class="bt-produit-ajout-liste" href="http://www.refonte.auchandirect.fr/rayon.productgridorlist.productlist_1.thumbnailproduct_0.addproducttoshoppinglist/1393?t:ac=476">Ajouter à ma liste</a></div><div class="infos-produit-1"><div class="prix-actuel"><span>1.59€</span></div></div><div class="infos-produit-2"><a title="Voir le produit" href="http://www.refonte.auchandirect.fr/boissons/jus,-softs/jus-d'orange-concentré-sans-pulpe/id1/476/1393"><h2>JOKER</h2><h4>Jus d'orange concentré sans pulpe</h4><h4></h4><p>
1 l
<br/>
1.59€/l
</p></a></div><div class="mini_picto_bas"></div></div></div></td><td><!-- PL : ici --><div class="bloc-produit "><div class="bloc-produit-content"><a title="Voir le produit" href="http://www.refonte.auchandirect.fr/boissons/jus,-softs/jus-de-pomme-concentré/id1/476/5087"><img src="http://www.refonte.auchandirect.fr/static/images/products/line/5087.jpg" alt="" class="produit "/></a><div class="picto"><span class="invisible"></span></div><div class="boutons-produit"><a id="addProductToBasket_77" onclick="javascript:Tapestry.waitForPage(event);" title="Ajouter au panier" class="bt-produit-ajout-panier" href="http://www.refonte.auchandirect.fr/rayon.productgridorlist.productlist_1.thumbnailproduct_0.addproducttobasket/5087?t:ac=476">Ajouter au panier</a><a id="addProductToShoppingList_118" onclick="javascript:Tapestry.waitForPage(event);" title="Ajouter à ma liste" class="bt-produit-ajout-liste" href="http://www.refonte.auchandirect.fr/rayon.productgridorlist.productlist_1.thumbnailproduct_0.addproducttoshoppinglist/5087?t:ac=476">Ajouter à ma liste</a></div><div class="infos-produit-1"><div class="prix-actuel"><span>1.75€</span></div></div><div class="infos-produit-2"><a title="Voir le produit" href="http://www.refonte.auchandirect.fr/boissons/jus,-softs/jus-de-pomme-concentré/id1/476/5087"><h2>JOKER</h2><h4>Jus de pomme concentré</h4><h4></h4><p>
1 l
<br/>
1.75€/l
</p></a></div><div class="mini_picto_bas"></div></div></div></td></tr><tr><td><!-- PL : ici --><div class="bloc-produit "><div class="bloc-produit-content"><a title="Voir le produit" href="http://www.refonte.auchandirect.fr/boissons/jus,-softs/jus-multi-ovaline/id1/476/56878"><img src="http://www.refonte.auchandirect.fr/static/images/products/line/56878.jpg" alt="" class="produit "/></a><div class="picto"><span class="invisible"></span></div><div class="boutons-produit"><a id="addProductToBasket_78" onclick="javascript:Tapestry.waitForPage(event);" title="Ajouter au panier" class="bt-produit-ajout-panier" href="http://www.refonte.auchandirect.fr/rayon.productgridorlist.productlist_1.thumbnailproduct_0.addproducttobasket/56878?t:ac=476">Ajouter au panier</a><a id="addProductToShoppingList_119" onclick="javascript:Tapestry.waitForPage(event);" title="Ajouter à ma liste" class="bt-produit-ajout-liste" href="http://www.refonte.auchandirect.fr/rayon.productgridorlist.productlist_1.thumbnailproduct_0.addproducttoshoppinglist/56878?t:ac=476">Ajouter à ma liste</a></div><div class="infos-produit-1"><div class="prix-actuel"><span>1.74€</span></div></div><div class="infos-produit-2"><a title="Voir le produit" href="http://www.refonte.auchandirect.fr/boissons/jus,-softs/jus-multi-ovaline/id1/476/56878"><h2>JOKER</h2><h4>Jus multi ovaline</h4><h4></h4><p>
1 l
<br/>
1.74€/l
</p></a></div><div class="mini_picto_bas"></div></div></div></td><td><!-- PL : ici --><div class="bloc-produit  bientot-dispo"><div class="bloc-produit-content"><a title="Voir le produit" href="http://www.refonte.auchandirect.fr/boissons/jus,-softs/coktail-passionata/id1/476/101042"><img src="http://www.refonte.auchandirect.fr/static/images/products/line/101042.jpg" alt="" class="produit "/></a><div class="picto"><span class="invisible"></span></div><div class="boutons-produit"><a class="bt-produit-ajout-panier disable" title="Bientôt disponible" href="javascript:void(0)">Bientôt disponible</a><a id="addProductToShoppingList_120" onclick="javascript:Tapestry.waitForPage(event);" title="Ajouter à ma liste" class="bt-produit-ajout-liste" href="http://www.refonte.auchandirect.fr/rayon.productgridorlist.productlist_1.thumbnailproduct_0.addproducttoshoppinglist/101042?t:ac=476">Ajouter à ma liste</a></div><div class="infos-produit-1"><div class="prix-actuel"><span>2.53€</span></div></div><div class="infos-produit-2"><a title="Voir le produit" href="http://www.refonte.auchandirect.fr/boissons/jus,-softs/coktail-passionata/id1/476/101042"><h2>JOKER</h2><h4>Coktail passionata</h4><h4></h4><p>
1 l
<br/>
2.53€/l
</p></a></div><div class="mini_picto_bas"></div></div></div></td><td><!-- PL : ici --><div class="bloc-produit  bientot-dispo"><div class="bloc-produit-content"><a title="Voir le produit" href="http://www.refonte.auchandirect.fr/boissons/jus,-softs/pur-jus-multivitaminé/id1/476/17932"><img src="http://www.refonte.auchandirect.fr/static/images/products/line/17932.jpg" alt="" class="produit "/></a><div class="picto"><span class="invisible"></span></div><div class="boutons-produit"><a class="bt-produit-ajout-panier disable" title="Bientôt disponible" href="javascript:void(0)">Bientôt disponible</a><a id="addProductToShoppingList_121" onclick="javascript:Tapestry.waitForPage(event);" title="Ajouter à ma liste" class="bt-produit-ajout-liste" href="http://www.refonte.auchandirect.fr/rayon.productgridorlist.productlist_1.thumbnailproduct_0.addproducttoshoppinglist/17932?t:ac=476">Ajouter à ma liste</a></div><div class="infos-produit-1"><div class="prix-actuel"><span>3.81€</span></div></div><div class="infos-produit-2"><a title="Voir le produit" href="http://www.refonte.auchandirect.fr/boissons/jus,-softs/pur-jus-multivitaminé/id1/476/17932"><h2>JOKER</h2><h4>Pur jus multivitaminé</h4><h4></h4><p>
2 l
<br/>
1.91€/l
</p></a></div><div class="mini_picto_bas"></div></div></div></td></tr><tr><td><!-- PL : ici --><div class="bloc-produit  bientot-dispo"><div class="bloc-produit-content"><a title="Voir le produit" href="http://www.refonte.auchandirect.fr/bio-ecolo/boissons-bio/briquettes-de-jus-fruits-jaunes/id1/455/59777"><img src="http://www.refonte.auchandirect.fr/static/images/products/line/59777.jpg" alt="" class="produit "/></a><div class="picto"><span class="invisible"></span></div><div class="boutons-produit"><a class="bt-produit-ajout-panier disable" title="Bientôt disponible" href="javascript:void(0)">Bientôt disponible</a><a id="addProductToShoppingList_122" onclick="javascript:Tapestry.waitForPage(event);" title="Ajouter à ma liste" class="bt-produit-ajout-liste" href="http://www.refonte.auchandirect.fr/rayon.productgridorlist.productlist_1.thumbnailproduct_0.addproducttoshoppinglist/59777?t:ac=476">Ajouter à ma liste</a></div><div class="infos-produit-1"><div class="prix-actuel"><span>2.34€</span></div></div><div class="infos-produit-2"><a title="Voir le produit" href="http://www.refonte.auchandirect.fr/bio-ecolo/boissons-bio/briquettes-de-jus-fruits-jaunes/id1/455/59777"><h2>KALIBIO</h2><h4>Briquettes de jus fruits jaunes</h4><h4>Kid'z</h4><p>
3 x 20 cl
<br/>
3.90€/l
</p></a></div><div class="mini_picto_bas"><img src="http://www.refonte.auchandirect.fr/static/images/AB_small.jpg"/></div></div></div></td><td><!-- PL : ici --><div class="bloc-produit  bientot-dispo"><div class="bloc-produit-content"><a title="Voir le produit" href="http://www.refonte.auchandirect.fr/bio-ecolo/boissons-bio/briquettes-de-jus-fruits-rouges/id1/455/59778"><img src="http://www.refonte.auchandirect.fr/static/images/products/line/59778.jpg" alt="" class="produit "/></a><div class="picto"><span class="invisible"></span></div><div class="boutons-produit"><a class="bt-produit-ajout-panier disable" title="Bientôt disponible" href="javascript:void(0)">Bientôt disponible</a><a id="addProductToShoppingList_123" onclick="javascript:Tapestry.waitForPage(event);" title="Ajouter à ma liste" class="bt-produit-ajout-liste" href="http://www.refonte.auchandirect.fr/rayon.productgridorlist.productlist_1.thumbnailproduct_0.addproducttoshoppinglist/59778?t:ac=476">Ajouter à ma liste</a></div><div class="infos-produit-1"><div class="prix-actuel"><span>2.34€</span></div></div><div class="infos-produit-2"><a title="Voir le produit" href="http://www.refonte.auchandirect.fr/bio-ecolo/boissons-bio/briquettes-de-jus-fruits-rouges/id1/455/59778"><h2>KALIBIO</h2><h4>Briquettes de jus fruits rouges</h4><h4>Kid'z</h4><p>
3 x 20 cl
<br/>
3.90€/l
</p></a></div><div class="mini_picto_bas"><img src="http://www.refonte.auchandirect.fr/static/images/AB_small.jpg"/></div></div></div></td><td><!-- PL : ici --><div class="bloc-produit "><div class="bloc-produit-content"><a title="Voir le produit" href="http://www.refonte.auchandirect.fr/boissons/jus,-softs/thé-glacé-pétillant-citron-vert/id1/476/100190"><img src="http://www.refonte.auchandirect.fr/static/images/products/line/100190.jpg" alt="" class="produit "/></a><div class="picto"><span class="invisible"></span></div><div class="boutons-produit"><a id="addProductToBasket_79" onclick="javascript:Tapestry.waitForPage(event);" title="Ajouter au panier" class="bt-produit-ajout-panier" href="http://www.refonte.auchandirect.fr/rayon.productgridorlist.productlist_1.thumbnailproduct_0.addproducttobasket/100190?t:ac=476">Ajouter au panier</a><a id="addProductToShoppingList_124" onclick="javascript:Tapestry.waitForPage(event);" title="Ajouter à ma liste" class="bt-produit-ajout-liste" href="http://www.refonte.auchandirect.fr/rayon.productgridorlist.productlist_1.thumbnailproduct_0.addproducttoshoppinglist/100190?t:ac=476">Ajouter à ma liste</a></div><div class="infos-produit-1"><div class="prix-actuel"><span>1.96€</span></div></div><div class="infos-produit-2"><a title="Voir le produit" href="http://www.refonte.auchandirect.fr/boissons/jus,-softs/thé-glacé-pétillant-citron-vert/id1/476/100190"><h2>LIPTON</h2><h4>Thé glacé pétillant citron vert</h4><h4>Liptonic</h4><p>
1,5 l
<br/>
1.31€/l
</p></a></div><div class="mini_picto_bas"></div></div></div></td></tr><tr><td><!-- PL : ici --><div class="bloc-produit "><div class="bloc-produit-content"><a title="Voir le produit" href="http://www.refonte.auchandirect.fr/boissons/jus,-softs/ice-tea-pêche/id1/476/9503"><img src="http://www.refonte.auchandirect.fr/static/images/products/line/9503.jpg" alt="" class="produit "/></a><div class="picto"><span class="invisible"></span></div><div class="boutons-produit"><a id="addProductToBasket_80" onclick="javascript:Tapestry.waitForPage(event);" title="Ajouter au panier" class="bt-produit-ajout-panier" href="http://www.refonte.auchandirect.fr/rayon.productgridorlist.productlist_1.thumbnailproduct_0.addproducttobasket/9503?t:ac=476">Ajouter au panier</a><a id="addProductToShoppingList_125" onclick="javascript:Tapestry.waitForPage(event);" title="Ajouter à ma liste" class="bt-produit-ajout-liste" href="http://www.refonte.auchandirect.fr/rayon.productgridorlist.productlist_1.thumbnailproduct_0.addproducttoshoppinglist/9503?t:ac=476">Ajouter à ma liste</a></div><div class="infos-produit-1"><div class="prix-actuel"><span>1.98€</span></div></div><div class="infos-produit-2"><a title="Voir le produit" href="http://www.refonte.auchandirect.fr/boissons/jus,-softs/ice-tea-pêche/id1/476/9503"><h2>LIPTON</h2><h4>Ice Tea pêche</h4><h4>Light</h4><p>
1,5 l
<br/>
1.32€/l
</p></a></div><div class="mini_picto_bas"></div></div></div></td><td><!-- PL : ici --><div class="bloc-produit "><div class="bloc-produit-content"><a title="Voir le produit" href="http://www.refonte.auchandirect.fr/boissons/jus,-softs/boisson-aux-extraits-de-thé-arôme-pêche/id1/476/11346"><img src="http://www.refonte.auchandirect.fr/static/images/products/line/11346.jpg" alt="" class="produit "/></a><div class="picto"><span class="invisible"></span></div><div class="boutons-produit"><a id="addProductToBasket_81" onclick="javascript:Tapestry.waitForPage(event);" title="Ajouter au panier" class="bt-produit-ajout-panier" href="http://www.refonte.auchandirect.fr/rayon.productgridorlist.productlist_1.thumbnailproduct_0.addproducttobasket/11346?t:ac=476">Ajouter au panier</a><a id="addProductToShoppingList_126" onclick="javascript:Tapestry.waitForPage(event);" title="Ajouter à ma liste" class="bt-produit-ajout-liste" href="http://www.refonte.auchandirect.fr/rayon.productgridorlist.productlist_1.thumbnailproduct_0.addproducttoshoppinglist/11346?t:ac=476">Ajouter à ma liste</a></div><div class="infos-produit-1"><div class="prix-actuel"><span>3.67€</span></div></div><div class="infos-produit-2"><a title="Voir le produit" href="http://www.refonte.auchandirect.fr/boissons/jus,-softs/boisson-aux-extraits-de-thé-arôme-pêche/id1/476/11346"><h2>LIPTON</h2><h4>Boisson aux extraits de thé arôme pêche</h4><h4>Ice Tea Light</h4><p>
6 x 33 cl
<br/>
1.85€/l
</p></a></div><div class="mini_picto_bas"></div></div></div></td><td><!-- PL : ici --><div class="bloc-produit  bientot-dispo"><div class="bloc-produit-content"><a title="Voir le produit" href="http://www.refonte.auchandirect.fr/boissons/jus,-softs/ice-tea-mangue/id1/476/12028"><img src="http://www.refonte.auchandirect.fr/static/images/products/line/12028.jpg" alt="" class="produit "/></a><div class="picto"><span class="invisible"></span></div><div class="boutons-produit"><a class="bt-produit-ajout-panier disable" title="Bientôt disponible" href="javascript:void(0)">Bientôt disponible</a><a id="addProductToShoppingList_127" onclick="javascript:Tapestry.waitForPage(event);" title="Ajouter à ma liste" class="bt-produit-ajout-liste" href="http://www.refonte.auchandirect.fr/rayon.productgridorlist.productlist_1.thumbnailproduct_0.addproducttoshoppinglist/12028?t:ac=476">Ajouter à ma liste</a></div><div class="infos-produit-1"><div class="prix-actuel"><span>2.43€</span></div></div><div class="infos-produit-2"><a title="Voir le produit" href="http://www.refonte.auchandirect.fr/boissons/jus,-softs/ice-tea-mangue/id1/476/12028"><h2>LIPTON</h2><h4>Ice Tea mangue</h4><h4>Aux extraits de thé</h4><p>
2 l
<br/>
1.22€/l
</p></a></div><div class="mini_picto_bas"></div></div></div></td></tr><tr><td><!-- PL : ici --><div class="bloc-produit "><div class="bloc-produit-content"><a title="Voir le produit" href="http://www.refonte.auchandirect.fr/boissons/jus,-softs/ice-tea-pêche/id1/476/17143"><img src="http://www.refonte.auchandirect.fr/static/images/products/line/17143.jpg" alt="" class="produit "/></a><div class="picto"><span class="invisible"></span></div><div class="boutons-produit"><a id="addProductToBasket_82" onclick="javascript:Tapestry.waitForPage(event);" title="Ajouter au panier" class="bt-produit-ajout-panier" href="http://www.refonte.auchandirect.fr/rayon.productgridorlist.productlist_1.thumbnailproduct_0.addproducttobasket/17143?t:ac=476">Ajouter au panier</a><a id="addProductToShoppingList_128" onclick="javascript:Tapestry.waitForPage(event);" title="Ajouter à ma liste" class="bt-produit-ajout-liste" href="http://www.refonte.auchandirect.fr/rayon.productgridorlist.productlist_1.thumbnailproduct_0.addproducttoshoppinglist/17143?t:ac=476">Ajouter à ma liste</a></div><div class="infos-produit-1"><div class="prix-actuel"><span>2.03€</span></div></div><div class="infos-produit-2"><a title="Voir le produit" href="http://www.refonte.auchandirect.fr/boissons/jus,-softs/ice-tea-pêche/id1/476/17143"><h2>LIPTON</h2><h4>Ice Tea pêche</h4><h4>Aux extraits de thé</h4><p>
1,5 l
<br/>
1.35€/l
</p></a></div><div class="mini_picto_bas"></div></div></div></td><td><!-- PL : ici --><div class="bloc-produit "><div class="bloc-produit-content"><a title="Voir le produit" href="http://www.refonte.auchandirect.fr/boissons/jus,-softs/ice-tea/id1/476/100137"><img src="http://www.refonte.auchandirect.fr/static/images/products/line/100137.jpg" alt="" class="produit "/></a><div class="picto"><span class="invisible"></span></div><div class="boutons-produit"><a id="addProductToBasket_83" onclick="javascript:Tapestry.waitForPage(event);" title="Ajouter au panier" class="bt-produit-ajout-panier" href="http://www.refonte.auchandirect.fr/rayon.productgridorlist.productlist_1.thumbnailproduct_0.addproducttobasket/100137?t:ac=476">Ajouter au panier</a><a id="addProductToShoppingList_129" onclick="javascript:Tapestry.waitForPage(event);" title="Ajouter à ma liste" class="bt-produit-ajout-liste" href="http://www.refonte.auchandirect.fr/rayon.productgridorlist.productlist_1.thumbnailproduct_0.addproducttoshoppinglist/100137?t:ac=476">Ajouter à ma liste</a></div><div class="infos-produit-1"><div class="prix-actuel"><span>3.46€</span></div></div><div class="infos-produit-2"><a title="Voir le produit" href="http://www.refonte.auchandirect.fr/boissons/jus,-softs/ice-tea/id1/476/100137"><h2>LIPTON</h2><h4>Ice Tea</h4><h4>Pêche</h4><p>
6 x 33 cl
<br/>
1.75€/l
</p></a></div><div class="mini_picto_bas"></div></div></div></td><td><!-- PL : ici --><div class="bloc-produit "><div class="bloc-produit-content"><a title="Voir le produit" href="http://www.refonte.auchandirect.fr/boissons/jus,-softs/ice-tea-pêche/id1/476/100138"><img src="http://www.refonte.auchandirect.fr/static/images/products/line/100138.jpg" alt="" class="produit "/></a><div class="picto"><span class="invisible"></span></div><div class="boutons-produit"><a id="addProductToBasket_84" onclick="javascript:Tapestry.waitForPage(event);" title="Ajouter au panier" class="bt-produit-ajout-panier" href="http://www.refonte.auchandirect.fr/rayon.productgridorlist.productlist_1.thumbnailproduct_0.addproducttobasket/100138?t:ac=476">Ajouter au panier</a><a id="addProductToShoppingList_130" onclick="javascript:Tapestry.waitForPage(event);" title="Ajouter à ma liste" class="bt-produit-ajout-liste" href="http://www.refonte.auchandirect.fr/rayon.productgridorlist.productlist_1.thumbnailproduct_0.addproducttoshoppinglist/100138?t:ac=476">Ajouter à ma liste</a></div><div class="infos-produit-1"><div class="prix-actuel"><span>2.43€</span></div></div><div class="infos-produit-2"><a title="Voir le produit" href="http://www.refonte.auchandirect.fr/boissons/jus,-softs/ice-tea-pêche/id1/476/100138"><h2>LIPTON</h2><h4>Ice Tea pêche</h4><h4>Aux extraits de thé</h4><p>
2 l
<br/>
1.22€/l
</p></a></div><div class="mini_picto_bas"></div></div></div></td></tr><tr><td><!-- PL : ici --><div class="bloc-produit promotion bientot-dispo"><div class="bloc-produit-content"><a title="Voir le produit" href="http://www.refonte.auchandirect.fr/boissons/jus,-softs/boisson-aux-extraits-de-thé-et-pêche/id1/476/61221"><img src="http://www.refonte.auchandirect.fr/static/images/products/line/61221.jpg" alt="" class="produit "/></a><div class="picto"><span class="invisible"></span></div><img src="http://www.refonte.auchandirect.fr/static/images/promo_small.png" class="ruban"/><div class="boutons-produit"><a class="bt-produit-ajout-panier disable" title="Bientôt disponible" href="javascript:void(0)">Bientôt disponible</a><a id="addProductToShoppingList_131" onclick="javascript:Tapestry.waitForPage(event);" title="Ajouter à ma liste" class="bt-produit-ajout-liste" href="http://www.refonte.auchandirect.fr/rayon.productgridorlist.productlist_1.thumbnailproduct_0.addproducttoshoppinglist/61221?t:ac=476">Ajouter à ma liste</a></div><div class="infos-produit-1"><div class="prix-actuel"><span>2.95€</span></div></div><div class="infos-produit-2"><a title="Voir le produit" href="http://www.refonte.auchandirect.fr/boissons/jus,-softs/boisson-aux-extraits-de-thé-et-pêche/id1/476/61221"><h2>LIPTON</h2><h4>Boisson aux extraits de thé et pêche</h4><h4>FORMAT SPECIAL</h4><p>
2 x 1.5 l
<br/>
0.98€/l
</p></a></div><div class="mini_picto_bas"></div></div></div></td><td><!-- PL : ici --><div class="bloc-produit "><div class="bloc-produit-content"><a title="Voir le produit" href="http://www.refonte.auchandirect.fr/boissons/jus,-softs/limonade-double-zest/id1/476/71379"><img src="http://www.refonte.auchandirect.fr/static/images/products/line/71379.jpg" alt="" class="produit "/></a><div class="picto"><span class="invisible"></span></div><div class="boutons-produit"><a id="addProductToBasket_85" onclick="javascript:Tapestry.waitForPage(event);" title="Ajouter au panier" class="bt-produit-ajout-panier" href="http://www.refonte.auchandirect.fr/rayon.productgridorlist.productlist_1.thumbnailproduct_0.addproducttobasket/71379?t:ac=476">Ajouter au panier</a><a id="addProductToShoppingList_132" onclick="javascript:Tapestry.waitForPage(event);" title="Ajouter à ma liste" class="bt-produit-ajout-liste" href="http://www.refonte.auchandirect.fr/rayon.productgridorlist.productlist_1.thumbnailproduct_0.addproducttoshoppinglist/71379?t:ac=476">Ajouter à ma liste</a></div><div class="infos-produit-1"><div class="prix-actuel"><span>1.46€</span></div></div><div class="infos-produit-2"><a title="Voir le produit" href="http://www.refonte.auchandirect.fr/boissons/jus,-softs/limonade-double-zest/id1/476/71379"><h2>LORINA</h2><h4>Limonade double zest</h4><h4></h4><p>
1.5 l
<br/>
0.97€/l
</p></a></div><div class="mini_picto_bas"></div></div></div></td><td><!-- PL : ici --><div class="bloc-produit  bientot-dispo"><div class="bloc-produit-content"><a title="Voir le produit" href="http://www.refonte.auchandirect.fr/boissons/jus,-softs/limonade-artisanale/id1/476/1382"><img src="http://www.refonte.auchandirect.fr/static/images/products/line/1382.jpg" alt="" class="produit "/></a><div class="picto"><span class="invisible"></span></div><div class="boutons-produit"><a class="bt-produit-ajout-panier disable" title="Bientôt disponible" href="javascript:void(0)">Bientôt disponible</a><a id="addProductToShoppingList_133" onclick="javascript:Tapestry.waitForPage(event);" title="Ajouter à ma liste" class="bt-produit-ajout-liste" href="http://www.refonte.auchandirect.fr/rayon.productgridorlist.productlist_1.thumbnailproduct_0.addproducttoshoppinglist/1382?t:ac=476">Ajouter à ma liste</a></div><div class="infos-produit-1"><div class="prix-actuel"><span>3.10€</span></div></div><div class="infos-produit-2"><a title="Voir le produit" href="http://www.refonte.auchandirect.fr/boissons/jus,-softs/limonade-artisanale/id1/476/1382"><h2>LORINA</h2><h4>Limonade artisanale</h4><h4>Citron</h4><p>
75 cl
<br/>
4.13€/l
</p></a></div><div class="mini_picto_bas"></div></div></div></td></tr><tr><td><!-- PL : ici --><div class="bloc-produit "><div class="bloc-produit-content"><a title="Voir le produit" href="http://www.refonte.auchandirect.fr/boissons/jus,-softs/orange/id1/476/50839"><img src="http://www.refonte.auchandirect.fr/static/images/products/line/50839.jpg" alt="" class="produit "/></a><div class="picto"><span class="invisible"></span></div><div class="boutons-produit"><a id="addProductToBasket_86" onclick="javascript:Tapestry.waitForPage(event);" title="Ajouter au panier" class="bt-produit-ajout-panier" href="http://www.refonte.auchandirect.fr/rayon.productgridorlist.productlist_1.thumbnailproduct_0.addproducttobasket/50839?t:ac=476">Ajouter au panier</a><a id="addProductToShoppingList_134" onclick="javascript:Tapestry.waitForPage(event);" title="Ajouter à ma liste" class="bt-produit-ajout-liste" href="http://www.refonte.auchandirect.fr/rayon.productgridorlist.productlist_1.thumbnailproduct_0.addproducttoshoppinglist/50839?t:ac=476">Ajouter à ma liste</a></div><div class="infos-produit-1"><div class="prix-actuel"><span>1.87€</span></div></div><div class="infos-produit-2"><a title="Voir le produit" href="http://www.refonte.auchandirect.fr/boissons/jus,-softs/orange/id1/476/50839"><h2>MIRINDA</h2><h4>Orange</h4><h4></h4><p>
2 l
<br/>
0.94€/l
</p></a></div><div class="mini_picto_bas"></div></div></div></td><td><!-- PL : ici --><div class="bloc-produit "><div class="bloc-produit-content"><a title="Voir le produit" href="http://www.refonte.auchandirect.fr/boissons/jus,-softs/fraise/id1/476/50840"><img src="http://www.refonte.auchandirect.fr/static/images/products/line/50840.jpg" alt="" class="produit "/></a><div class="picto"><span class="invisible"></span></div><div class="boutons-produit"><a id="addProductToBasket_87" onclick="javascript:Tapestry.waitForPage(event);" title="Ajouter au panier" class="bt-produit-ajout-panier" href="http://www.refonte.auchandirect.fr/rayon.productgridorlist.productlist_1.thumbnailproduct_0.addproducttobasket/50840?t:ac=476">Ajouter au panier</a><a id="addProductToShoppingList_135" onclick="javascript:Tapestry.waitForPage(event);" title="Ajouter à ma liste" class="bt-produit-ajout-liste" href="http://www.refonte.auchandirect.fr/rayon.productgridorlist.productlist_1.thumbnailproduct_0.addproducttoshoppinglist/50840?t:ac=476">Ajouter à ma liste</a></div><div class="infos-produit-1"><div class="prix-actuel"><span>1.87€</span></div></div><div class="infos-produit-2"><a title="Voir le produit" href="http://www.refonte.auchandirect.fr/boissons/jus,-softs/fraise/id1/476/50840"><h2>MIRINDA</h2><h4>Fraise</h4><h4></h4><p>
2 l
<br/>
0.94€/l
</p></a></div><div class="mini_picto_bas"></div></div></div></td><td><!-- PL : ici --><div class="bloc-produit "><div class="bloc-produit-content"><a title="Voir le produit" href="http://www.refonte.auchandirect.fr/boissons/jus,-softs/monster/id1/476/56235"><img src="http://www.refonte.auchandirect.fr/static/images/products/line/56235.jpg" alt="" class="produit "/></a><div class="picto"><span class="invisible"></span></div><div class="boutons-produit"><a id="addProductToBasket_88" onclick="javascript:Tapestry.waitForPage(event);" title="Ajouter au panier" class="bt-produit-ajout-panier" href="http://www.refonte.auchandirect.fr/rayon.productgridorlist.productlist_1.thumbnailproduct_0.addproducttobasket/56235?t:ac=476">Ajouter au panier</a><a id="addProductToShoppingList_136" onclick="javascript:Tapestry.waitForPage(event);" title="Ajouter à ma liste" class="bt-produit-ajout-liste" href="http://www.refonte.auchandirect.fr/rayon.productgridorlist.productlist_1.thumbnailproduct_0.addproducttoshoppinglist/56235?t:ac=476">Ajouter à ma liste</a></div><div class="infos-produit-1"><div class="prix-actuel"><span>2.31€</span></div></div><div class="infos-produit-2"><a title="Voir le produit" href="http://www.refonte.auchandirect.fr/boissons/jus,-softs/monster/id1/476/56235"><h2>MONSTER</h2><h4>Monster</h4><h4>Ripper</h4><p>
50 cl
<br/>
4.62€/l
</p></a></div><div class="mini_picto_bas"></div></div></div></td></tr><tr><td><!-- PL : ici --><div class="bloc-produit "><div class="bloc-produit-content"><a title="Voir le produit" href="http://www.refonte.auchandirect.fr/boissons/jus,-softs/monster-energy/id1/476/56234"><img src="http://www.refonte.auchandirect.fr/static/images/products/line/56234.jpg" alt="" class="produit "/></a><div class="picto"><span class="invisible"></span></div><div class="boutons-produit"><a id="addProductToBasket_89" onclick="javascript:Tapestry.waitForPage(event);" title="Ajouter au panier" class="bt-produit-ajout-panier" href="http://www.refonte.auchandirect.fr/rayon.productgridorlist.productlist_1.thumbnailproduct_0.addproducttobasket/56234?t:ac=476">Ajouter au panier</a><a id="addProductToShoppingList_137" onclick="javascript:Tapestry.waitForPage(event);" title="Ajouter à ma liste" class="bt-produit-ajout-liste" href="http://www.refonte.auchandirect.fr/rayon.productgridorlist.productlist_1.thumbnailproduct_0.addproducttoshoppinglist/56234?t:ac=476">Ajouter à ma liste</a></div><div class="infos-produit-1"><div class="prix-actuel"><span>2.31€</span></div></div><div class="infos-produit-2"><a title="Voir le produit" href="http://www.refonte.auchandirect.fr/boissons/jus,-softs/monster-energy/id1/476/56234"><h2>MONSTER</h2><h4>Monster Energy</h4><h4></h4><p>
50 cl
<br/>
4.62€/l
</p></a></div><div class="mini_picto_bas"></div></div></div></td><td><!-- PL : ici --><div class="bloc-produit "><div class="bloc-produit-content"><a title="Voir le produit" href="http://www.refonte.auchandirect.fr/boissons/jus,-softs/sirop-orgeat/id1/476/48069"><img src="http://www.refonte.auchandirect.fr/static/images/products/line/48069.jpg" alt="" class="produit "/></a><div class="picto"><span class="invisible"></span></div><div class="boutons-produit"><a id="addProductToBasket_90" onclick="javascript:Tapestry.waitForPage(event);" title="Ajouter au panier" class="bt-produit-ajout-panier" href="http://www.refonte.auchandirect.fr/rayon.productgridorlist.productlist_1.thumbnailproduct_0.addproducttobasket/48069?t:ac=476">Ajouter au panier</a><a id="addProductToShoppingList_138" onclick="javascript:Tapestry.waitForPage(event);" title="Ajouter à ma liste" class="bt-produit-ajout-liste" href="http://www.refonte.auchandirect.fr/rayon.productgridorlist.productlist_1.thumbnailproduct_0.addproducttoshoppinglist/48069?t:ac=476">Ajouter à ma liste</a></div><div class="infos-produit-1"><div class="prix-actuel"><span>3.25€</span></div></div><div class="infos-produit-2"><a title="Voir le produit" href="http://www.refonte.auchandirect.fr/boissons/jus,-softs/sirop-orgeat/id1/476/48069"><h2>MOULIN DE VALDONNE</h2><h4>Sirop orgeat</h4><h4></h4><p>
70 cl
<br/>
4.64€/l
</p></a></div><div class="mini_picto_bas"></div></div></div></td><td><!-- PL : ici --><div class="bloc-produit "><div class="bloc-produit-content"><a title="Voir le produit" href="http://www.refonte.auchandirect.fr/boissons/jus,-softs/boisson-aromatisée-cocktail/id1/476/1219"><img src="http://www.refonte.auchandirect.fr/static/images/products/line/1219.jpg" alt="" class="produit "/></a><div class="picto"><span class="invisible"></span></div><div class="boutons-produit"><a id="addProductToBasket_91" onclick="javascript:Tapestry.waitForPage(event);" title="Ajouter au panier" class="bt-produit-ajout-panier" href="http://www.refonte.auchandirect.fr/rayon.productgridorlist.productlist_1.thumbnailproduct_0.addproducttobasket/1219?t:ac=476">Ajouter au panier</a><a id="addProductToShoppingList_139" onclick="javascript:Tapestry.waitForPage(event);" title="Ajouter à ma liste" class="bt-produit-ajout-liste" href="http://www.refonte.auchandirect.fr/rayon.productgridorlist.productlist_1.thumbnailproduct_0.addproducttoshoppinglist/1219?t:ac=476">Ajouter à ma liste</a></div><div class="infos-produit-1"><div class="prix-actuel"><span>2.13€</span></div></div><div class="infos-produit-2"><a title="Voir le produit" href="http://www.refonte.auchandirect.fr/boissons/jus,-softs/boisson-aromatisée-cocktail/id1/476/1219"><h2>OASIS</h2><h4>Boisson aromatisée cocktail</h4><h4>Tropical</h4><p>
2 l
<br/>
1.07€/l
</p></a></div><div class="mini_picto_bas"></div></div></div></td></tr><tr><td><!-- PL : ici --><div class="bloc-produit "><div class="bloc-produit-content"><a title="Voir le produit" href="http://www.refonte.auchandirect.fr/boissons/jus,-softs/orange/id1/476/100859"><img src="http://www.refonte.auchandirect.fr/static/images/products/line/100859.jpg" alt="" class="produit "/></a><div class="picto"><span class="invisible"></span></div><div class="boutons-produit"><a id="addProductToBasket_92" onclick="javascript:Tapestry.waitForPage(event);" title="Ajouter au panier" class="bt-produit-ajout-panier" href="http://www.refonte.auchandirect.fr/rayon.productgridorlist.productlist_1.thumbnailproduct_0.addproducttobasket/100859?t:ac=476">Ajouter au panier</a><a id="addProductToShoppingList_140" onclick="javascript:Tapestry.waitForPage(event);" title="Ajouter à ma liste" class="bt-produit-ajout-liste" href="http://www.refonte.auchandirect.fr/rayon.productgridorlist.productlist_1.thumbnailproduct_0.addproducttoshoppinglist/100859?t:ac=476">Ajouter à ma liste</a></div><div class="infos-produit-1"><div class="prix-actuel"><span>3.48€</span></div></div><div class="infos-produit-2"><a title="Voir le produit" href="http://www.refonte.auchandirect.fr/boissons/jus,-softs/orange/id1/476/100859"><h2>OASIS</h2><h4>orange</h4><h4></h4><p>
6 x 33 cl
<br/>
1.76€/l
</p></a></div><div class="mini_picto_bas"></div></div></div></td><td><!-- PL : ici --><div class="bloc-produit promotion bientot-dispo"><div class="bloc-produit-content"><a title="Voir le produit" href="http://www.refonte.auchandirect.fr/boissons/jus,-softs/boisson-aromatisée-cocktail-tropical/id1/476/60888"><img src="http://www.refonte.auchandirect.fr/static/images/products/line/60888.jpg" alt="" class="produit "/></a><div class="picto"><span class="invisible"></span></div><img src="http://www.refonte.auchandirect.fr/static/images/promo_small.png" class="ruban"/><div class="boutons-produit"><a class="bt-produit-ajout-panier disable" title="Bientôt disponible" href="javascript:void(0)">Bientôt disponible</a><a id="addProductToShoppingList_141" onclick="javascript:Tapestry.waitForPage(event);" title="Ajouter à ma liste" class="bt-produit-ajout-liste" href="http://www.refonte.auchandirect.fr/rayon.productgridorlist.productlist_1.thumbnailproduct_0.addproducttoshoppinglist/60888?t:ac=476">Ajouter à ma liste</a></div><div class="infos-produit-1"><div class="prix-actuel"><span>3.85€</span></div></div><div class="infos-produit-2"><a title="Voir le produit" href="http://www.refonte.auchandirect.fr/boissons/jus,-softs/boisson-aromatisée-cocktail-tropical/id1/476/60888"><h2>OASIS</h2><h4>Boisson aromatisée cocktail tropical</h4><h4>FORMAT SPECIAL</h4><p>
2 x 2 L
<br/>
0.96€/l
</p></a></div><div class="mini_picto_bas"></div></div></div></td><td><!-- PL : ici --><div class="bloc-produit "><div class="bloc-produit-content"><a title="Voir le produit" href="http://www.refonte.auchandirect.fr/boissons/jus,-softs/boisson-aromatisée-multifruits/id1/476/58910"><img src="http://www.refonte.auchandirect.fr/static/images/products/line/58910.jpg" alt="" class="produit "/></a><div class="picto"><span class="invisible"></span></div><div class="boutons-produit"><a id="addProductToBasket_93" onclick="javascript:Tapestry.waitForPage(event);" title="Ajouter au panier" class="bt-produit-ajout-panier" href="http://www.refonte.auchandirect.fr/rayon.productgridorlist.productlist_1.thumbnailproduct_0.addproducttobasket/58910?t:ac=476">Ajouter au panier</a><a id="addProductToShoppingList_142" onclick="javascript:Tapestry.waitForPage(event);" title="Ajouter à ma liste" class="bt-produit-ajout-liste" href="http://www.refonte.auchandirect.fr/rayon.productgridorlist.productlist_1.thumbnailproduct_0.addproducttoshoppinglist/58910?t:ac=476">Ajouter à ma liste</a></div><div class="infos-produit-1"><div class="prix-actuel"><span>2.34€</span></div></div><div class="infos-produit-2"><a title="Voir le produit" href="http://www.refonte.auchandirect.fr/boissons/jus,-softs/boisson-aromatisée-multifruits/id1/476/58910"><h2>OASIS</h2><h4>Boisson aromatisée multifruits</h4><h4>Tropical sans sucres</h4><p>
2 l
<br/>
1.17€/l
</p></a></div><div class="mini_picto_bas"></div></div></div></td></tr><tr><td><!-- PL : ici --><div class="bloc-produit "><div class="bloc-produit-content"><a title="Voir le produit" href="http://www.refonte.auchandirect.fr/boissons/jus,-softs/boisson-sans-sucres-ajoutés/id1/476/58380"><img src="http://www.refonte.auchandirect.fr/static/images/products/line/58380.jpg" alt="" class="produit "/></a><div class="picto"><span class="invisible"></span></div><div class="boutons-produit"><a id="addProductToBasket_94" onclick="javascript:Tapestry.waitForPage(event);" title="Ajouter au panier" class="bt-produit-ajout-panier" href="http://www.refonte.auchandirect.fr/rayon.productgridorlist.productlist_1.thumbnailproduct_0.addproducttobasket/58380?t:ac=476">Ajouter au panier</a><a id="addProductToShoppingList_143" onclick="javascript:Tapestry.waitForPage(event);" title="Ajouter à ma liste" class="bt-produit-ajout-liste" href="http://www.refonte.auchandirect.fr/rayon.productgridorlist.productlist_1.thumbnailproduct_0.addproducttoshoppinglist/58380?t:ac=476">Ajouter à ma liste</a></div><div class="infos-produit-1"><div class="prix-actuel"><span>2.50€</span></div></div><div class="infos-produit-2"><a title="Voir le produit" href="http://www.refonte.auchandirect.fr/boissons/jus,-softs/boisson-sans-sucres-ajoutés/id1/476/58380"><h2>OASIS</h2><h4>Boisson sans sucres ajoutés</h4><h4>Pêche-Abricot</h4><p>
2 l
<br/>
1.25€/l
</p></a></div><div class="mini_picto_bas"></div></div></div></td><td><!-- PL : ici --><div class="bloc-produit promotion"><div class="bloc-produit-content"><a title="Voir le produit" href="../boisson-aromatis%25C3%25A9e/id1/476/1320.html"><img src="http://www.refonte.auchandirect.fr/static/images/products/line/1320.jpg" alt="" class="produit "/></a><div class="picto"><span class="invisible"></span></div><img src="http://www.refonte.auchandirect.fr/static/images/promo_small.png" class="ruban"/><div class="boutons-produit"><a id="addProductToBasket_95" onclick="javascript:Tapestry.waitForPage(event);" title="Ajouter au panier" class="bt-produit-ajout-panier" href="http://www.refonte.auchandirect.fr/rayon.productgridorlist.productlist_1.thumbnailproduct_0.addproducttobasket/1320?t:ac=476">Ajouter au panier</a><a id="addProductToShoppingList_144" onclick="javascript:Tapestry.waitForPage(event);" title="Ajouter à ma liste" class="bt-produit-ajout-liste" href="http://www.refonte.auchandirect.fr/rayon.productgridorlist.productlist_1.thumbnailproduct_0.addproducttoshoppinglist/1320?t:ac=476">Ajouter à ma liste</a></div><div class="infos-produit-1"><div class="prix-actuel"><span>2.18€</span></div></div><div class="infos-produit-2"><a title="Voir le produit" href="../boisson-aromatis%25C3%25A9e/id1/476/1320.html"><h2>OASIS</h2><h4>Boisson aromatisée</h4><h4>Pomme-cassis-framboise</h4><p>
2 l
<br/>
1.09€/l
</p></a></div><div class="mini_picto_bas"></div></div></div></td><td><!-- PL : ici --><div class="bloc-produit "><div class="bloc-produit-content"><a title="Voir le produit" href="http://www.refonte.auchandirect.fr/boissons/jus,-softs/boisson-aromatisée-aux-fruits-et-à-l'eau-de-source/id1/476/27948"><img src="http://www.refonte.auchandirect.fr/static/images/products/line/27948.jpg" alt="" class="produit "/></a><div class="picto"><span class="invisible"></span></div><div class="boutons-produit"><a id="addProductToBasket_96" onclick="javascript:Tapestry.waitForPage(event);" title="Ajouter au panier" class="bt-produit-ajout-panier" href="http://www.refonte.auchandirect.fr/rayon.productgridorlist.productlist_1.thumbnailproduct_0.addproducttobasket/27948?t:ac=476">Ajouter au panier</a><a id="addProductToShoppingList_145" onclick="javascript:Tapestry.waitForPage(event);" title="Ajouter à ma liste" class="bt-produit-ajout-liste" href="http://www.refonte.auchandirect.fr/rayon.productgridorlist.productlist_1.thumbnailproduct_0.addproducttoshoppinglist/27948?t:ac=476">Ajouter à ma liste</a></div><div class="infos-produit-1"><div class="prix-actuel"><span>2.37€</span></div></div><div class="infos-produit-2"><a title="Voir le produit" href="http://www.refonte.auchandirect.fr/boissons/jus,-softs/boisson-aromatisée-aux-fruits-et-à-l'eau-de-source/id1/476/27948"><h2>OASIS</h2><h4>Boisson aromatisée aux fruits et à l'eau de source</h4><h4>Agrumes</h4><p>
2 l
<br/>
1.19€/l
</p></a></div><div class="mini_picto_bas"></div></div></div></td></tr><tr><td><!-- PL : ici --><div class="bloc-produit "><div class="bloc-produit-content"><a title="Voir le produit" href="http://www.refonte.auchandirect.fr/boissons/jus,-softs/tropical/id1/476/46479"><img src="http://www.refonte.auchandirect.fr/static/images/products/line/46479.jpg" alt="" class="produit "/></a><div class="picto"><span class="invisible"></span></div><div class="boutons-produit"><a id="addProductToBasket_97" onclick="javascript:Tapestry.waitForPage(event);" title="Ajouter au panier" class="bt-produit-ajout-panier" href="http://www.refonte.auchandirect.fr/rayon.productgridorlist.productlist_1.thumbnailproduct_0.addproducttobasket/46479?t:ac=476">Ajouter au panier</a><a id="addProductToShoppingList_146" onclick="javascript:Tapestry.waitForPage(event);" title="Ajouter à ma liste" class="bt-produit-ajout-liste" href="http://www.refonte.auchandirect.fr/rayon.productgridorlist.productlist_1.thumbnailproduct_0.addproducttoshoppinglist/46479?t:ac=476">Ajouter à ma liste</a></div><div class="infos-produit-1"><div class="prix-actuel"><span>3.66€</span></div></div><div class="infos-produit-2"><a title="Voir le produit" href="http://www.refonte.auchandirect.fr/boissons/jus,-softs/tropical/id1/476/46479"><h2>OASIS</h2><h4>Tropical</h4><h4></h4><p>
6 x 33 cl
<br/>
1.85€/l
</p></a></div><div class="mini_picto_bas"></div></div></div></td><td><!-- PL : ici --><div class="bloc-produit "><div class="bloc-produit-content"><a title="Voir le produit" href="http://www.refonte.auchandirect.fr/boissons/jus,-softs/boisson-aromatisée-orange---passion/id1/476/47113"><img src="http://www.refonte.auchandirect.fr/static/images/products/line/47113.jpg" alt="" class="produit "/></a><div class="picto"><span class="invisible"></span></div><div class="boutons-produit"><a id="addProductToBasket_98" onclick="javascript:Tapestry.waitForPage(event);" title="Ajouter au panier" class="bt-produit-ajout-panier" href="http://www.refonte.auchandirect.fr/rayon.productgridorlist.productlist_1.thumbnailproduct_0.addproducttobasket/47113?t:ac=476">Ajouter au panier</a><a id="addProductToShoppingList_147" onclick="javascript:Tapestry.waitForPage(event);" title="Ajouter à ma liste" class="bt-produit-ajout-liste" href="http://www.refonte.auchandirect.fr/rayon.productgridorlist.productlist_1.thumbnailproduct_0.addproducttoshoppinglist/47113?t:ac=476">Ajouter à ma liste</a></div><div class="infos-produit-1"><div class="prix-actuel"><span>2.45€</span></div></div><div class="infos-produit-2"><a title="Voir le produit" href="http://www.refonte.auchandirect.fr/boissons/jus,-softs/boisson-aromatisée-orange---passion/id1/476/47113"><h2>OASIS</h2><h4>Boisson aromatisée orange - passion</h4><h4>Multifruits</h4><p>
2 l
<br/>
1.23€/l
</p></a></div><div class="mini_picto_bas"></div></div></div></td><td><!-- PL : ici --><div class="bloc-produit "><div class="bloc-produit-content"><a title="Voir le produit" href="http://www.refonte.auchandirect.fr/boissons/jus,-softs/boissson-aromatisée/id1/476/54876"><img src="http://www.refonte.auchandirect.fr/static/images/products/line/54876.jpg" alt="" class="produit "/></a><div class="picto"><span class="invisible"></span></div><div class="boutons-produit"><a id="addProductToBasket_99" onclick="javascript:Tapestry.waitForPage(event);" title="Ajouter au panier" class="bt-produit-ajout-panier" href="http://www.refonte.auchandirect.fr/rayon.productgridorlist.productlist_1.thumbnailproduct_0.addproducttobasket/54876?t:ac=476">Ajouter au panier</a><a id="addProductToShoppingList_148" onclick="javascript:Tapestry.waitForPage(event);" title="Ajouter à ma liste" class="bt-produit-ajout-liste" href="http://www.refonte.auchandirect.fr/rayon.productgridorlist.productlist_1.thumbnailproduct_0.addproducttoshoppinglist/54876?t:ac=476">Ajouter à ma liste</a></div><div class="infos-produit-1"><div class="prix-actuel"><span>2.41€</span></div></div><div class="infos-produit-2"><a title="Voir le produit" href="http://www.refonte.auchandirect.fr/boissons/jus,-softs/boissson-aromatisée/id1/476/54876"><h2>OASIS</h2><h4>Boissson aromatisée</h4><h4>Fraise - framboise</h4><p>
2 l
<br/>
1.21€/l
</p></a></div><div class="mini_picto_bas"></div></div></div></td></tr><tr><td><!-- PL : ici --><div class="bloc-produit "><div class="bloc-produit-content"><a title="Voir le produit" href="http://www.refonte.auchandirect.fr/boissons/jus,-softs/boisson-aromatisée/id1/476/1213"><img src="http://www.refonte.auchandirect.fr/static/images/products/line/1213.jpg" alt="" class="produit "/></a><div class="picto"><span class="invisible"></span></div><div class="boutons-produit"><a id="addProductToBasket_100" onclick="javascript:Tapestry.waitForPage(event);" title="Ajouter au panier" class="bt-produit-ajout-panier" href="http://www.refonte.auchandirect.fr/rayon.productgridorlist.productlist_1.thumbnailproduct_0.addproducttobasket/1213?t:ac=476">Ajouter au panier</a><a id="addProductToShoppingList_149" onclick="javascript:Tapestry.waitForPage(event);" title="Ajouter à ma liste" class="bt-produit-ajout-liste" href="http://www.refonte.auchandirect.fr/rayon.productgridorlist.productlist_1.thumbnailproduct_0.addproducttoshoppinglist/1213?t:ac=476">Ajouter à ma liste</a></div><div class="infos-produit-1"><div class="prix-actuel"><span>2.02€</span></div></div><div class="infos-produit-2"><a title="Voir le produit" href="http://www.refonte.auchandirect.fr/boissons/jus,-softs/boisson-aromatisée/id1/476/1213"><h2>OASIS</h2><h4>Boisson aromatisée</h4><h4>Orange</h4><p>
2 L
<br/>
1.01€/l
</p></a></div><div class="mini_picto_bas"></div></div></div></td><td><!-- PL : ici --><div class="bloc-produit promotion"><div class="bloc-produit-content"><a title="Voir le produit" href="http://www.refonte.auchandirect.fr/boissons/jus,-softs/pomme,-cassis,-framboise/id1/476/73774"><img src="http://www.refonte.auchandirect.fr/static/images/products/line/73774.jpg" alt="" class="produit "/></a><div class="picto"><span class="invisible"></span></div><img src="http://www.refonte.auchandirect.fr/static/images/promo_small.png" class="ruban"/><div class="boutons-produit"><a id="addProductToBasket_101" onclick="javascript:Tapestry.waitForPage(event);" title="Ajouter au panier" class="bt-produit-ajout-panier" href="http://www.refonte.auchandirect.fr/rayon.productgridorlist.productlist_1.thumbnailproduct_0.addproducttobasket/73774?t:ac=476">Ajouter au panier</a><a id="addProductToShoppingList_150" onclick="javascript:Tapestry.waitForPage(event);" title="Ajouter à ma liste" class="bt-produit-ajout-liste" href="http://www.refonte.auchandirect.fr/rayon.productgridorlist.productlist_1.thumbnailproduct_0.addproducttoshoppinglist/73774?t:ac=476">Ajouter à ma liste</a></div><div class="infos-produit-1"><div class="prix-actuel"><span>3.85€</span></div></div><div class="infos-produit-2"><a title="Voir le produit" href="http://www.refonte.auchandirect.fr/boissons/jus,-softs/pomme,-cassis,-framboise/id1/476/73774"><h2>OASIS</h2><h4>Pomme, cassis, framboise</h4><h4>FORMAT SPECIAL</h4><p>
2 x 2 l
<br/>
0.96€/l
</p></a></div><div class="mini_picto_bas"></div></div></div></td><td><!-- PL : ici --><div class="bloc-produit "><div class="bloc-produit-content"><a title="Voir le produit" href="http://www.refonte.auchandirect.fr/boissons/jus,-softs/ocean-spray-classic/id1/476/49527"><img src="http://www.refonte.auchandirect.fr/static/images/products/line/49527.jpg" alt="" class="produit "/></a><div class="picto"><span class="invisible"></span></div><div class="boutons-produit"><a id="addProductToBasket_102" onclick="javascript:Tapestry.waitForPage(event);" title="Ajouter au panier" class="bt-produit-ajout-panier" href="http://www.refonte.auchandirect.fr/rayon.productgridorlist.productlist_1.thumbnailproduct_0.addproducttobasket/49527?t:ac=476">Ajouter au panier</a><a id="addProductToShoppingList_151" onclick="javascript:Tapestry.waitForPage(event);" title="Ajouter à ma liste" class="bt-produit-ajout-liste" href="http://www.refonte.auchandirect.fr/rayon.productgridorlist.productlist_1.thumbnailproduct_0.addproducttoshoppinglist/49527?t:ac=476">Ajouter à ma liste</a></div><div class="infos-produit-1"><div class="prix-actuel"><span>2.41€</span></div></div><div class="infos-produit-2"><a title="Voir le produit" href="http://www.refonte.auchandirect.fr/boissons/jus,-softs/ocean-spray-classic/id1/476/49527"><h2>OCEAN SPRAY</h2><h4>Ocean spray Classic</h4><h4>Jus de cranberry</h4><p>
1 l
<br/>
2.41€/l
</p></a></div><div class="mini_picto_bas"></div></div></div></td></tr><tr><td><!-- PL : ici --><div class="bloc-produit  bientot-dispo"><div class="bloc-produit-content"><a title="Voir le produit" href="http://www.refonte.auchandirect.fr/boissons/jus,-softs/jus-de-cranberry/id1/476/48095"><img src="http://www.refonte.auchandirect.fr/static/images/products/line/48095.jpg" alt="" class="produit "/></a><div class="picto"><span class="invisible"></span></div><div class="boutons-produit"><a class="bt-produit-ajout-panier disable" title="Bientôt disponible" href="javascript:void(0)">Bientôt disponible</a><a id="addProductToShoppingList_152" onclick="javascript:Tapestry.waitForPage(event);" title="Ajouter à ma liste" class="bt-produit-ajout-liste" href="http://www.refonte.auchandirect.fr/rayon.productgridorlist.productlist_1.thumbnailproduct_0.addproducttoshoppinglist/48095?t:ac=476">Ajouter à ma liste</a></div><div class="infos-produit-1"><div class="prix-actuel"><span>2.41€</span></div></div><div class="infos-produit-2"><a title="Voir le produit" href="http://www.refonte.auchandirect.fr/boissons/jus,-softs/jus-de-cranberry/id1/476/48095"><h2>OCEAN SPRAY</h2><h4>Jus de cranberry</h4><h4>Light</h4><p>
1 l
<br/>
2.41€/l
</p></a></div><div class="mini_picto_bas"></div></div></div></td><td><!-- PL : ici --><div class="bloc-produit  bientot-dispo"><div class="bloc-produit-content"><a title="Voir le produit" href="http://www.refonte.auchandirect.fr/boissons/jus,-softs/jus-de-cranberry-et-de-myrtille/id1/476/48096"><img src="http://www.refonte.auchandirect.fr/static/images/products/line/48096.jpg" alt="" class="produit "/></a><div class="picto"><span class="invisible"></span></div><div class="boutons-produit"><a class="bt-produit-ajout-panier disable" title="Bientôt disponible" href="javascript:void(0)">Bientôt disponible</a><a id="addProductToShoppingList_153" onclick="javascript:Tapestry.waitForPage(event);" title="Ajouter à ma liste" class="bt-produit-ajout-liste" href="http://www.refonte.auchandirect.fr/rayon.productgridorlist.productlist_1.thumbnailproduct_0.addproducttoshoppinglist/48096?t:ac=476">Ajouter à ma liste</a></div><div class="infos-produit-1"><div class="prix-actuel"><span>1.95€</span></div></div><div class="infos-produit-2"><a title="Voir le produit" href="http://www.refonte.auchandirect.fr/boissons/jus,-softs/jus-de-cranberry-et-de-myrtille/id1/476/48096"><h2>OCEAN SPRAY</h2><h4>Jus de cranberry et de myrtille</h4><h4></h4><p>

<br/>
1.95€/l
</p></a></div><div class="mini_picto_bas"></div></div></div></td><td><!-- PL : ici --><div class="bloc-produit  bientot-dispo"><div class="bloc-produit-content"><a title="Voir le produit" href="http://www.refonte.auchandirect.fr/boissons/jus,-softs/boisson-gazeuse-à-la-pulpe-d'orange/id1/476/1932"><img src="http://www.refonte.auchandirect.fr/static/images/products/line/1932.jpg" alt="" class="produit "/></a><div class="picto"><span class="invisible"></span></div><div class="boutons-produit"><a class="bt-produit-ajout-panier disable" title="Bientôt disponible" href="javascript:void(0)">Bientôt disponible</a><a id="addProductToShoppingList_154" onclick="javascript:Tapestry.waitForPage(event);" title="Ajouter à ma liste" class="bt-produit-ajout-liste" href="http://www.refonte.auchandirect.fr/rayon.productgridorlist.productlist_1.thumbnailproduct_0.addproducttoshoppinglist/1932?t:ac=476">Ajouter à ma liste</a></div><div class="infos-produit-1"><div class="prix-actuel"><span>1.80€</span></div></div><div class="infos-produit-2"><a title="Voir le produit" href="http://www.refonte.auchandirect.fr/boissons/jus,-softs/boisson-gazeuse-à-la-pulpe-d'orange/id1/476/1932"><h2>ORANGINA</h2><h4>Boisson gazeuse à la pulpe d'orange</h4><h4></h4><p>
1.5 l
<br/>
1.20€/l
</p></a></div><div class="mini_picto_bas"></div></div></div></td></tr><tr><td><!-- PL : ici --><div class="bloc-produit  bientot-dispo"><div class="bloc-produit-content"><a title="Voir le produit" href="http://www.refonte.auchandirect.fr/boissons/jus,-softs/boisson-gazeuse-à-la-pulpe-d'orange-sans-sucre/id1/476/1634"><img src="http://www.refonte.auchandirect.fr/static/images/products/line/1634.jpg" alt="" class="produit "/></a><div class="picto"><span class="invisible"></span></div><div class="boutons-produit"><a class="bt-produit-ajout-panier disable" title="Bientôt disponible" href="javascript:void(0)">Bientôt disponible</a><a id="addProductToShoppingList_155" onclick="javascript:Tapestry.waitForPage(event);" title="Ajouter à ma liste" class="bt-produit-ajout-liste" href="http://www.refonte.auchandirect.fr/rayon.productgridorlist.productlist_1.thumbnailproduct_0.addproducttoshoppinglist/1634?t:ac=476">Ajouter à ma liste</a></div><div class="infos-produit-1"><div class="prix-actuel"><span>1.90€</span></div></div><div class="infos-produit-2"><a title="Voir le produit" href="http://www.refonte.auchandirect.fr/boissons/jus,-softs/boisson-gazeuse-à-la-pulpe-d'orange-sans-sucre/id1/476/1634"><h2>ORANGINA</h2><h4>Boisson gazeuse à la pulpe d'orange sans sucre</h4><h4>Light</h4><p>
1,5 l
<br/>
1.27€/l
</p></a></div><div class="mini_picto_bas"></div></div></div></td><td><!-- PL : ici --><div class="bloc-produit  bientot-dispo"><div class="bloc-produit-content"><a title="Voir le produit" href="http://www.refonte.auchandirect.fr/boissons/jus,-softs/boisson-gazeuse-à-la-framboise/id1/476/97532"><img src="http://www.refonte.auchandirect.fr/static/images/products/line/97532.jpg" alt="" class="produit "/></a><div class="picto"><span class="invisible"></span></div><div class="boutons-produit"><a class="bt-produit-ajout-panier disable" title="Bientôt disponible" href="javascript:void(0)">Bientôt disponible</a><a id="addProductToShoppingList_156" onclick="javascript:Tapestry.waitForPage(event);" title="Ajouter à ma liste" class="bt-produit-ajout-liste" href="http://www.refonte.auchandirect.fr/rayon.productgridorlist.productlist_1.thumbnailproduct_0.addproducttoshoppinglist/97532?t:ac=476">Ajouter à ma liste</a></div><div class="infos-produit-1"><div class="prix-actuel"><span>1.78€</span></div></div><div class="infos-produit-2"><a title="Voir le produit" href="http://www.refonte.auchandirect.fr/boissons/jus,-softs/boisson-gazeuse-à-la-framboise/id1/476/97532"><h2>ORANGINA</h2><h4>Boisson gazeuse à la framboise</h4><h4>Miss O§</h4><p>
1.5 l
<br/>
1.19€/l
</p></a></div><div class="mini_picto_bas"></div></div></div></td><td><!-- PL : ici --><div class="bloc-produit  bientot-dispo"><div class="bloc-produit-content"><a title="Voir le produit" href="http://www.refonte.auchandirect.fr/boissons/jus,-softs/boisson-gazeuse-à-l'orange/id1/476/34381"><img src="http://www.refonte.auchandirect.fr/static/images/products/line/34381.jpg" alt="" class="produit "/></a><div class="picto"><span class="invisible"></span></div><div class="boutons-produit"><a class="bt-produit-ajout-panier disable" title="Bientôt disponible" href="javascript:void(0)">Bientôt disponible</a><a id="addProductToShoppingList_157" onclick="javascript:Tapestry.waitForPage(event);" title="Ajouter à ma liste" class="bt-produit-ajout-liste" href="http://www.refonte.auchandirect.fr/rayon.productgridorlist.productlist_1.thumbnailproduct_0.addproducttoshoppinglist/34381?t:ac=476">Ajouter à ma liste</a></div><div class="infos-produit-1"><div class="prix-actuel"><span>4.19€</span></div></div><div class="infos-produit-2"><a title="Voir le produit" href="http://www.refonte.auchandirect.fr/boissons/jus,-softs/boisson-gazeuse-à-l'orange/id1/476/34381"><h2>ORANGINA</h2><h4>Boisson gazeuse à l'orange</h4><h4></h4><p>
4 x 50 cl
<br/>
2.10€/l
</p></a></div><div class="mini_picto_bas"></div></div></div></td></tr><tr><td><!-- PL : ici --><div class="bloc-produit  bientot-dispo"><div class="bloc-produit-content"><a title="Voir le produit" href="http://www.refonte.auchandirect.fr/boissons/jus,-softs/a-la-pulpe-d'orange/id1/476/100289"><img src="http://www.refonte.auchandirect.fr/static/images/products/line/100289.jpg" alt="" class="produit "/></a><div class="picto"><span class="invisible"></span></div><div class="boutons-produit"><a class="bt-produit-ajout-panier disable" title="Bientôt disponible" href="javascript:void(0)">Bientôt disponible</a><a id="addProductToShoppingList_158" onclick="javascript:Tapestry.waitForPage(event);" title="Ajouter à ma liste" class="bt-produit-ajout-liste" href="http://www.refonte.auchandirect.fr/rayon.productgridorlist.productlist_1.thumbnailproduct_0.addproducttoshoppinglist/100289?t:ac=476">Ajouter à ma liste</a></div><div class="infos-produit-1"><div class="prix-actuel"><span>3.70€</span></div></div><div class="infos-produit-2"><a title="Voir le produit" href="http://www.refonte.auchandirect.fr/boissons/jus,-softs/a-la-pulpe-d'orange/id1/476/100289"><h2>ORANGINA</h2><h4>A la pulpe d'orange</h4><h4></h4><p>
6 x 33 cl
<br/>
1.87€/l
</p></a></div><div class="mini_picto_bas"></div></div></div></td><td><!-- PL : ici --><div class="bloc-produit  bientot-dispo"><div class="bloc-produit-content"><a title="Voir le produit" href="http://www.refonte.auchandirect.fr/boissons/jus,-softs/boisson-gazeuse-à-la-pulpe-d'orange,-x-6/id1/476/1635"><img src="http://www.refonte.auchandirect.fr/static/images/products/line/1635.jpg" alt="" class="produit "/></a><div class="picto"><span class="invisible"></span></div><div class="boutons-produit"><a class="bt-produit-ajout-panier disable" title="Bientôt disponible" href="javascript:void(0)">Bientôt disponible</a><a id="addProductToShoppingList_159" onclick="javascript:Tapestry.waitForPage(event);" title="Ajouter à ma liste" class="bt-produit-ajout-liste" href="http://www.refonte.auchandirect.fr/rayon.productgridorlist.productlist_1.thumbnailproduct_0.addproducttoshoppinglist/1635?t:ac=476">Ajouter à ma liste</a></div><div class="infos-produit-1"><div class="prix-actuel"><span>3.74€</span></div></div><div class="infos-produit-2"><a title="Voir le produit" href="http://www.refonte.auchandirect.fr/boissons/jus,-softs/boisson-gazeuse-à-la-pulpe-d'orange,-x-6/id1/476/1635"><h2>ORANGINA</h2><h4>Boisson gazeuse à la pulpe d'orange, x 6</h4><h4>Light soda</h4><p>
6 x 33 cl
<br/>
1.89€/l
</p></a></div><div class="mini_picto_bas"></div></div></div></td><td><!-- PL : ici --><div class="bloc-produit "><div class="bloc-produit-content"><a title="Voir le produit" href="http://www.refonte.auchandirect.fr/boissons/jus,-softs/boisson-gazeuse-à-la-pulpe-d'orange/id1/476/77137"><img src="http://www.refonte.auchandirect.fr/static/images/products/line/77137.jpg" alt="" class="produit "/></a><div class="picto"><span class="invisible"></span></div><div class="boutons-produit"><a id="addProductToBasket_103" onclick="javascript:Tapestry.waitForPage(event);" title="Ajouter au panier" class="bt-produit-ajout-panier" href="http://www.refonte.auchandirect.fr/rayon.productgridorlist.productlist_1.thumbnailproduct_0.addproducttobasket/77137?t:ac=476">Ajouter au panier</a><a id="addProductToShoppingList_160" onclick="javascript:Tapestry.waitForPage(event);" title="Ajouter à ma liste" class="bt-produit-ajout-liste" href="http://www.refonte.auchandirect.fr/rayon.productgridorlist.productlist_1.thumbnailproduct_0.addproducttoshoppinglist/77137?t:ac=476">Ajouter à ma liste</a></div><div class="infos-produit-1"><div class="prix-actuel"><span>4.78€</span></div></div><div class="infos-produit-2"><a title="Voir le produit" href="http://www.refonte.auchandirect.fr/boissons/jus,-softs/boisson-gazeuse-à-la-pulpe-d'orange/id1/476/77137"><h2>ORANGINA</h2><h4>Boisson gazeuse à la pulpe d'orange</h4><h4></h4><p>
6 x 25 cl
<br/>
3.19€/l
</p></a></div><div class="mini_picto_bas"></div></div></div></td></tr><tr><td><!-- PL : ici --><div class="bloc-produit "><div class="bloc-produit-content"><a title="Voir le produit" href="http://www.refonte.auchandirect.fr/boissons/jus,-softs/boisson-gazeuse-à-la-pulpe-d'orange/id1/476/31558"><img src="http://www.refonte.auchandirect.fr/static/images/products/line/31558.jpg" alt="" class="produit "/></a><div class="picto"><span class="invisible"></span></div><div class="boutons-produit"><a id="addProductToBasket_104" onclick="javascript:Tapestry.waitForPage(event);" title="Ajouter au panier" class="bt-produit-ajout-panier" href="http://www.refonte.auchandirect.fr/rayon.productgridorlist.productlist_1.thumbnailproduct_0.addproducttobasket/31558?t:ac=476">Ajouter au panier</a><a id="addProductToShoppingList_161" onclick="javascript:Tapestry.waitForPage(event);" title="Ajouter à ma liste" class="bt-produit-ajout-liste" href="http://www.refonte.auchandirect.fr/rayon.productgridorlist.productlist_1.thumbnailproduct_0.addproducttoshoppinglist/31558?t:ac=476">Ajouter à ma liste</a></div><div class="infos-produit-1"><div class="prix-actuel"><span>5.09€</span></div></div><div class="infos-produit-2"><a title="Voir le produit" href="http://www.refonte.auchandirect.fr/boissons/jus,-softs/boisson-gazeuse-à-la-pulpe-d'orange/id1/476/31558"><h2>ORANGINA</h2><h4>Boisson gazeuse à la pulpe d'orange</h4><h4></h4><p>
12 x 15 cl
<br/>
2.83€/l
</p></a></div><div class="mini_picto_bas"></div></div></div></td><td><!-- PL : ici --><div class="bloc-produit "><div class="bloc-produit-content"><a title="Voir le produit" href="http://www.refonte.auchandirect.fr/boissons/jus,-softs/boisson-fraise/id1/476/56263"><img src="http://www.refonte.auchandirect.fr/static/images/products/line/56263.jpg" alt="" class="produit "/></a><div class="picto"><span class="invisible"></span></div><div class="boutons-produit"><a id="addProductToBasket_105" onclick="javascript:Tapestry.waitForPage(event);" title="Ajouter au panier" class="bt-produit-ajout-panier" href="http://www.refonte.auchandirect.fr/rayon.productgridorlist.productlist_1.thumbnailproduct_0.addproducttobasket/56263?t:ac=476">Ajouter au panier</a><a id="addProductToShoppingList_162" onclick="javascript:Tapestry.waitForPage(event);" title="Ajouter à ma liste" class="bt-produit-ajout-liste" href="http://www.refonte.auchandirect.fr/rayon.productgridorlist.productlist_1.thumbnailproduct_0.addproducttoshoppinglist/56263?t:ac=476">Ajouter à ma liste</a></div><div class="infos-produit-1"><div class="prix-actuel"><span>2.58€</span></div></div><div class="infos-produit-2"><a title="Voir le produit" href="http://www.refonte.auchandirect.fr/boissons/jus,-softs/boisson-fraise/id1/476/56263"><h2>PAGO</h2><h4>Boisson fraise</h4><h4></h4><p>
75 cl
<br/>
3.44€/l
</p></a></div><div class="mini_picto_bas"></div></div></div></td><td><!-- PL : ici --><div class="bloc-produit "><div class="bloc-produit-content"><a title="Voir le produit" href="http://www.refonte.auchandirect.fr/boissons/jus,-softs/boisson-orange/carotte/citron/id1/476/56265"><img src="http://www.refonte.auchandirect.fr/static/images/products/line/56265.jpg" alt="" class="produit "/></a><div class="picto"><span class="invisible"></span></div><div class="boutons-produit"><a id="addProductToBasket_106" onclick="javascript:Tapestry.waitForPage(event);" title="Ajouter au panier" class="bt-produit-ajout-panier" href="http://www.refonte.auchandirect.fr/rayon.productgridorlist.productlist_1.thumbnailproduct_0.addproducttobasket/56265?t:ac=476">Ajouter au panier</a><a id="addProductToShoppingList_163" onclick="javascript:Tapestry.waitForPage(event);" title="Ajouter à ma liste" class="bt-produit-ajout-liste" href="http://www.refonte.auchandirect.fr/rayon.productgridorlist.productlist_1.thumbnailproduct_0.addproducttoshoppinglist/56265?t:ac=476">Ajouter à ma liste</a></div><div class="infos-produit-1"><div class="prix-actuel"><span>2.70€</span></div></div><div class="infos-produit-2"><a title="Voir le produit" href="http://www.refonte.auchandirect.fr/boissons/jus,-softs/boisson-orange/carotte/citron/id1/476/56265"><h2>PAGO</h2><h4>Boisson orange/carotte/citron</h4><h4></h4><p>
75 cl
<br/>
3.60€/l
</p></a></div><div class="mini_picto_bas"></div></div></div></td></tr><tr><td><!-- PL : ici --><div class="bloc-produit "><div class="bloc-produit-content"><a title="Voir le produit" href="http://www.refonte.auchandirect.fr/boissons/jus,-softs/cocktail-rouge-multivitaminé/id1/476/56569"><img src="http://www.refonte.auchandirect.fr/static/images/products/line/56569.jpg" alt="" class="produit "/></a><div class="picto"><span class="invisible"></span></div><div class="boutons-produit"><a id="addProductToBasket_107" onclick="javascript:Tapestry.waitForPage(event);" title="Ajouter au panier" class="bt-produit-ajout-panier" href="http://www.refonte.auchandirect.fr/rayon.productgridorlist.productlist_1.thumbnailproduct_0.addproducttobasket/56569?t:ac=476">Ajouter au panier</a><a id="addProductToShoppingList_164" onclick="javascript:Tapestry.waitForPage(event);" title="Ajouter à ma liste" class="bt-produit-ajout-liste" href="http://www.refonte.auchandirect.fr/rayon.productgridorlist.productlist_1.thumbnailproduct_0.addproducttoshoppinglist/56569?t:ac=476">Ajouter à ma liste</a></div><div class="infos-produit-1"><div class="prix-actuel"><span>2.76€</span></div></div><div class="infos-produit-2"><a title="Voir le produit" href="http://www.refonte.auchandirect.fr/boissons/jus,-softs/cocktail-rouge-multivitaminé/id1/476/56569"><h2>PAGO</h2><h4>Cocktail rouge multivitaminé</h4><h4></h4><p>
75 cl
<br/>
3.68€/l
</p></a></div><div class="mini_picto_bas"></div></div></div></td><td><!-- PL : ici --><div class="bloc-produit "><div class="bloc-produit-content"><a title="Voir le produit" href="http://www.refonte.auchandirect.fr/boissons/jus,-softs/pur-jus-de-raisin-et-muscat/id1/476/1655"><img src="http://www.refonte.auchandirect.fr/static/images/products/line/1655.jpg" alt="" class="produit "/></a><div class="picto"><span class="invisible"></span></div><div class="boutons-produit"><a id="addProductToBasket_108" onclick="javascript:Tapestry.waitForPage(event);" title="Ajouter au panier" class="bt-produit-ajout-panier" href="http://www.refonte.auchandirect.fr/rayon.productgridorlist.productlist_1.thumbnailproduct_0.addproducttobasket/1655?t:ac=476">Ajouter au panier</a><a id="addProductToShoppingList_165" onclick="javascript:Tapestry.waitForPage(event);" title="Ajouter à ma liste" class="bt-produit-ajout-liste" href="http://www.refonte.auchandirect.fr/rayon.productgridorlist.productlist_1.thumbnailproduct_0.addproducttoshoppinglist/1655?t:ac=476">Ajouter à ma liste</a></div><div class="infos-produit-1"><div class="prix-actuel"><span>2.33€</span></div></div><div class="infos-produit-2"><a title="Voir le produit" href="http://www.refonte.auchandirect.fr/boissons/jus,-softs/pur-jus-de-raisin-et-muscat/id1/476/1655"><h2>PAMPRYL</h2><h4>Pur jus de raisin et muscat</h4><h4></h4><p>
1 l
<br/>
2.33€/l
</p></a></div><div class="mini_picto_bas"></div></div></div></td><td><!-- PL : ici --><div class="bloc-produit "><div class="bloc-produit-content"><a title="Voir le produit" href="http://www.refonte.auchandirect.fr/boissons/jus,-softs/nectar-de-10-fruits-/-10-vitamines/id1/476/33709"><img src="http://www.refonte.auchandirect.fr/static/images/products/line/33709.jpg" alt="" class="produit "/></a><div class="picto"><span class="invisible"></span></div><div class="boutons-produit"><a id="addProductToBasket_109" onclick="javascript:Tapestry.waitForPage(event);" title="Ajouter au panier" class="bt-produit-ajout-panier" href="http://www.refonte.auchandirect.fr/rayon.productgridorlist.productlist_1.thumbnailproduct_0.addproducttobasket/33709?t:ac=476">Ajouter au panier</a><a id="addProductToShoppingList_166" onclick="javascript:Tapestry.waitForPage(event);" title="Ajouter à ma liste" class="bt-produit-ajout-liste" href="http://www.refonte.auchandirect.fr/rayon.productgridorlist.productlist_1.thumbnailproduct_0.addproducttoshoppinglist/33709?t:ac=476">Ajouter à ma liste</a></div><div class="infos-produit-1"><div class="prix-actuel"><span>2.61€</span></div></div><div class="infos-produit-2"><a title="Voir le produit" href="http://www.refonte.auchandirect.fr/boissons/jus,-softs/nectar-de-10-fruits-/-10-vitamines/id1/476/33709"><h2>PAMPRYL</h2><h4>Nectar de 10 fruits / 10 vitamines</h4><h4></h4><p>
1 l
<br/>
2.61€/l
</p></a></div><div class="mini_picto_bas"></div></div></div></td></tr><tr><td><!-- PL : ici --><div class="bloc-produit "><div class="bloc-produit-content"><a title="Voir le produit" href="http://www.refonte.auchandirect.fr/boissons/jus,-softs/boisson-gazeuse-aux-extraits-végétaux/id1/476/100714"><img src="http://www.refonte.auchandirect.fr/static/images/products/line/100714.jpg" alt="" class="produit "/></a><div class="picto"><span class="invisible"></span></div><div class="boutons-produit"><a id="addProductToBasket_110" onclick="javascript:Tapestry.waitForPage(event);" title="Ajouter au panier" class="bt-produit-ajout-panier" href="http://www.refonte.auchandirect.fr/rayon.productgridorlist.productlist_1.thumbnailproduct_0.addproducttobasket/100714?t:ac=476">Ajouter au panier</a><a id="addProductToShoppingList_167" onclick="javascript:Tapestry.waitForPage(event);" title="Ajouter à ma liste" class="bt-produit-ajout-liste" href="http://www.refonte.auchandirect.fr/rayon.productgridorlist.productlist_1.thumbnailproduct_0.addproducttoshoppinglist/100714?t:ac=476">Ajouter à ma liste</a></div><div class="infos-produit-1"><div class="prix-actuel"><span>1.39€</span></div></div><div class="infos-produit-2"><a title="Voir le produit" href="http://www.refonte.auchandirect.fr/boissons/jus,-softs/boisson-gazeuse-aux-extraits-végétaux/id1/476/100714"><h2>PEPSI</h2><h4>Boisson gazeuse aux extraits végétaux</h4><h4>Soda</h4><p>
1,5 l
<br/>
0.93€/l
</p></a></div><div class="mini_picto_bas"></div></div></div></td><td><!-- PL : ici --><div class="bloc-produit "><div class="bloc-produit-content"><a title="Voir le produit" href="http://www.refonte.auchandirect.fr/boissons/jus,-softs/boisson-gazeuse-aux-extraits-végétaux-sans-sucre/id1/476/100061"><img src="http://www.refonte.auchandirect.fr/static/images/products/line/100061.jpg" alt="" class="produit "/></a><div class="picto"><span class="invisible"></span></div><div class="boutons-produit"><a id="addProductToBasket_111" onclick="javascript:Tapestry.waitForPage(event);" title="Ajouter au panier" class="bt-produit-ajout-panier" href="http://www.refonte.auchandirect.fr/rayon.productgridorlist.productlist_1.thumbnailproduct_0.addproducttobasket/100061?t:ac=476">Ajouter au panier</a><a id="addProductToShoppingList_168" onclick="javascript:Tapestry.waitForPage(event);" title="Ajouter à ma liste" class="bt-produit-ajout-liste" href="http://www.refonte.auchandirect.fr/rayon.productgridorlist.productlist_1.thumbnailproduct_0.addproducttoshoppinglist/100061?t:ac=476">Ajouter à ma liste</a></div><div class="infos-produit-1"><div class="prix-actuel"><span>1.71€</span></div></div><div class="infos-produit-2"><a title="Voir le produit" href="http://www.refonte.auchandirect.fr/boissons/jus,-softs/boisson-gazeuse-aux-extraits-végétaux-sans-sucre/id1/476/100061"><h2>PEPSI MAX</h2><h4>Boisson gazeuse aux extraits végétaux sans sucre</h4><h4></h4><p>
1,5 l
<br/>
1.14€/l
</p></a></div><div class="mini_picto_bas"></div></div></div></td><td><!-- PL : ici --><div class="bloc-produit "><div class="bloc-produit-content"><a title="Voir le produit" href="http://www.refonte.auchandirect.fr/boissons/jus,-softs/boisson-gazeuse-aux-extraits-végétaux-sans-sucre/id1/476/11270"><img src="http://www.refonte.auchandirect.fr/static/images/products/line/11270.jpg" alt="" class="produit "/></a><div class="picto"><span class="invisible"></span></div><div class="boutons-produit"><a id="addProductToBasket_112" onclick="javascript:Tapestry.waitForPage(event);" title="Ajouter au panier" class="bt-produit-ajout-panier" href="http://www.refonte.auchandirect.fr/rayon.productgridorlist.productlist_1.thumbnailproduct_0.addproducttobasket/11270?t:ac=476">Ajouter au panier</a><a id="addProductToShoppingList_169" onclick="javascript:Tapestry.waitForPage(event);" title="Ajouter à ma liste" class="bt-produit-ajout-liste" href="http://www.refonte.auchandirect.fr/rayon.productgridorlist.productlist_1.thumbnailproduct_0.addproducttoshoppinglist/11270?t:ac=476">Ajouter à ma liste</a></div><div class="infos-produit-1"><div class="prix-actuel"><span>2.51€</span></div></div><div class="infos-produit-2"><a title="Voir le produit" href="http://www.refonte.auchandirect.fr/boissons/jus,-softs/boisson-gazeuse-aux-extraits-végétaux-sans-sucre/id1/476/11270"><h2>PEPSI MAX</h2><h4>Boisson gazeuse aux extraits végétaux sans sucre</h4><h4></h4><p>
6 x 33 cl
<br/>
1.27€/l
</p></a></div><div class="mini_picto_bas"></div></div></div></td></tr><tr><td><!-- PL : ici --><div class="bloc-produit  bientot-dispo"><div class="bloc-produit-content"><a title="Voir le produit" href="../pur-jus-d'orange-avec-pulpe/id1/476/39841.html"><img src="http://www.refonte.auchandirect.fr/static/images/products/line/39841.jpg" alt="" class="produit "/></a><div class="picto"><span class="invisible"></span></div><div class="boutons-produit"><a class="bt-produit-ajout-panier disable" title="Bientôt disponible" href="javascript:void(0)">Bientôt disponible</a><a id="addProductToShoppingList_170" onclick="javascript:Tapestry.waitForPage(event);" title="Ajouter à ma liste" class="bt-produit-ajout-liste" href="http://www.refonte.auchandirect.fr/rayon.productgridorlist.productlist_1.thumbnailproduct_0.addproducttoshoppinglist/39841?t:ac=476">Ajouter à ma liste</a></div><div class="infos-produit-1"><div class="prix-actuel"><span>1.21€</span></div></div><div class="infos-produit-2"><a title="Voir le produit" href="../pur-jus-d'orange-avec-pulpe/id1/476/39841.html"><h2>POUCE</h2><h4>Pur jus d'orange avec pulpe</h4><h4></h4><p>
1 l
<br/>
1.21€/l
</p></a></div><div class="mini_picto_bas"><img alt="frais" src="http://www.refonte.auchandirect.fr/static/images/frais_small.jpg"/><img src="http://www.refonte.auchandirect.fr/static/images/DLC-garantie-6j_small.jpg"/><img alt="marque-pouce" src="http://www.refonte.auchandirect.fr/static/images/marque-pouce_small.jpg"/></div></div></div></td><td><!-- PL : ici --><div class="bloc-produit "><div class="bloc-produit-content"><a title="Voir le produit" href="http://www.refonte.auchandirect.fr/boissons/jus,-softs/nectar-de-jus-d'orange/id1/476/45460"><img src="http://www.refonte.auchandirect.fr/static/images/products/line/45460.jpg" alt="" class="produit "/></a><div class="picto"><span class="invisible"></span></div><div class="boutons-produit"><a id="addProductToBasket_113" onclick="javascript:Tapestry.waitForPage(event);" title="Ajouter au panier" class="bt-produit-ajout-panier" href="http://www.refonte.auchandirect.fr/rayon.productgridorlist.productlist_1.thumbnailproduct_0.addproducttobasket/45460?t:ac=476">Ajouter au panier</a><a id="addProductToShoppingList_171" onclick="javascript:Tapestry.waitForPage(event);" title="Ajouter à ma liste" class="bt-produit-ajout-liste" href="http://www.refonte.auchandirect.fr/rayon.productgridorlist.productlist_1.thumbnailproduct_0.addproducttoshoppinglist/45460?t:ac=476">Ajouter à ma liste</a></div><div class="infos-produit-1"><div class="prix-actuel"><span>1.30€</span></div></div><div class="infos-produit-2"><a title="Voir le produit" href="http://www.refonte.auchandirect.fr/boissons/jus,-softs/nectar-de-jus-d'orange/id1/476/45460"><h2>POUCE</h2><h4>Nectar de jus d'orange</h4><h4></h4><p>
20 cl
<br/>
1.08€/l
</p></a></div><div class="mini_picto_bas"><img alt="marque-pouce" src="http://www.refonte.auchandirect.fr/static/images/marque-pouce_small.jpg"/></div></div></div></td><td><!-- PL : ici --><div class="bloc-produit "><div class="bloc-produit-content"><a title="Voir le produit" href="http://www.refonte.auchandirect.fr/boissons/jus,-softs/jus-de-pomme-en-brique/id1/476/39577"><img src="http://www.refonte.auchandirect.fr/static/images/products/line/39577.jpg" alt="" class="produit "/></a><div class="picto"><span class="invisible"></span></div><div class="boutons-produit"><a id="addProductToBasket_114" onclick="javascript:Tapestry.waitForPage(event);" title="Ajouter au panier" class="bt-produit-ajout-panier" href="http://www.refonte.auchandirect.fr/rayon.productgridorlist.productlist_1.thumbnailproduct_0.addproducttobasket/39577?t:ac=476">Ajouter au panier</a><a id="addProductToShoppingList_172" onclick="javascript:Tapestry.waitForPage(event);" title="Ajouter à ma liste" class="bt-produit-ajout-liste" href="http://www.refonte.auchandirect.fr/rayon.productgridorlist.productlist_1.thumbnailproduct_0.addproducttoshoppinglist/39577?t:ac=476">Ajouter à ma liste</a></div><div class="infos-produit-1"><div class="prix-actuel"><span>0.66€</span></div></div><div class="infos-produit-2"><a title="Voir le produit" href="http://www.refonte.auchandirect.fr/boissons/jus,-softs/jus-de-pomme-en-brique/id1/476/39577"><h2>POUCE</h2><h4>Jus de pomme en brique</h4><h4></h4><p>
1 l
<br/>
0.66€/l
</p></a></div><div class="mini_picto_bas"><img alt="marque-pouce" src="http://www.refonte.auchandirect.fr/static/images/marque-pouce_small.jpg"/></div></div></div></td></tr><tr><td><!-- PL : ici --><div class="bloc-produit  bientot-dispo"><div class="bloc-produit-content"><a title="Voir le produit" href="http://www.refonte.auchandirect.fr/boissons/jus,-softs/jus-d'ananas/id1/476/42162"><img src="http://www.refonte.auchandirect.fr/static/images/products/line/42162.jpg" alt="" class="produit "/></a><div class="picto"><span class="invisible"></span></div><div class="boutons-produit"><a class="bt-produit-ajout-panier disable" title="Bientôt disponible" href="javascript:void(0)">Bientôt disponible</a><a id="addProductToShoppingList_173" onclick="javascript:Tapestry.waitForPage(event);" title="Ajouter à ma liste" class="bt-produit-ajout-liste" href="http://www.refonte.auchandirect.fr/rayon.productgridorlist.productlist_1.thumbnailproduct_0.addproducttoshoppinglist/42162?t:ac=476">Ajouter à ma liste</a></div><div class="infos-produit-1"><div class="prix-actuel"><span>0.70€</span></div></div><div class="infos-produit-2"><a title="Voir le produit" href="http://www.refonte.auchandirect.fr/boissons/jus,-softs/jus-d'ananas/id1/476/42162"><h2>POUCE</h2><h4>Jus d'ananas</h4><h4></h4><p>
1 l
<br/>
0.70€/l
</p></a></div><div class="mini_picto_bas"><img alt="marque-pouce" src="http://www.refonte.auchandirect.fr/static/images/marque-pouce_small.jpg"/></div></div></div></td><td><!-- PL : ici --><div class="bloc-produit "><div class="bloc-produit-content"><a title="Voir le produit" href="http://www.refonte.auchandirect.fr/boissons/jus,-softs/nectar-multivitaminé/id1/476/41535"><img src="http://www.refonte.auchandirect.fr/static/images/products/line/41535.jpg" alt="" class="produit "/></a><div class="picto"><span class="invisible"></span></div><div class="boutons-produit"><a id="addProductToBasket_115" onclick="javascript:Tapestry.waitForPage(event);" title="Ajouter au panier" class="bt-produit-ajout-panier" href="http://www.refonte.auchandirect.fr/rayon.productgridorlist.productlist_1.thumbnailproduct_0.addproducttobasket/41535?t:ac=476">Ajouter au panier</a><a id="addProductToShoppingList_174" onclick="javascript:Tapestry.waitForPage(event);" title="Ajouter à ma liste" class="bt-produit-ajout-liste" href="http://www.refonte.auchandirect.fr/rayon.productgridorlist.productlist_1.thumbnailproduct_0.addproducttoshoppinglist/41535?t:ac=476">Ajouter à ma liste</a></div><div class="infos-produit-1"><div class="prix-actuel"><span>0.64€</span></div></div><div class="infos-produit-2"><a title="Voir le produit" href="http://www.refonte.auchandirect.fr/boissons/jus,-softs/nectar-multivitaminé/id1/476/41535"><h2>POUCE</h2><h4>Nectar multivitaminé</h4><h4></h4><p>
1 l
<br/>
0.64€/l
</p></a></div><div class="mini_picto_bas"><img alt="marque-pouce" src="http://www.refonte.auchandirect.fr/static/images/marque-pouce_small.jpg"/></div></div></div></td><td><!-- PL : ici --><div class="bloc-produit  bientot-dispo"><div class="bloc-produit-content"><a title="Voir le produit" href="http://www.refonte.auchandirect.fr/boissons/jus,-softs/ice-storm/id1/476/16647"><img src="http://www.refonte.auchandirect.fr/static/images/products/line/16647.jpg" alt="" class="produit "/></a><div class="picto"><span class="invisible"></span></div><div class="boutons-produit"><a class="bt-produit-ajout-panier disable" title="Bientôt disponible" href="javascript:void(0)">Bientôt disponible</a><a id="addProductToShoppingList_175" onclick="javascript:Tapestry.waitForPage(event);" title="Ajouter à ma liste" class="bt-produit-ajout-liste" href="http://www.refonte.auchandirect.fr/rayon.productgridorlist.productlist_1.thumbnailproduct_0.addproducttoshoppinglist/16647?t:ac=476">Ajouter à ma liste</a></div><div class="infos-produit-1"><div class="prix-actuel"><span>1.33€</span></div></div><div class="infos-produit-2"><a title="Voir le produit" href="http://www.refonte.auchandirect.fr/boissons/jus,-softs/ice-storm/id1/476/16647"><h2>POWERADE</h2><h4>Ice Storm</h4><h4>Aux fruits, non gazeux</h4><p>
50 cl
<br/>
2.66€/l
</p></a></div><div class="mini_picto_bas"></div></div></div></td></tr><tr><td><!-- PL : ici --><div class="bloc-produit "><div class="bloc-produit-content"><a title="Voir le produit" href="http://www.refonte.auchandirect.fr/bio-ecolo/boissons-bio/jus-d'orange-concentré/id1/455/58421"><img src="http://www.refonte.auchandirect.fr/static/images/products/line/58421.jpg" alt="" class="produit "/></a><div class="picto"><span class="invisible"></span></div><div class="boutons-produit"><a id="addProductToBasket_116" onclick="javascript:Tapestry.waitForPage(event);" title="Ajouter au panier" class="bt-produit-ajout-panier" href="http://www.refonte.auchandirect.fr/rayon.productgridorlist.productlist_1.thumbnailproduct_0.addproducttobasket/58421?t:ac=476">Ajouter au panier</a><a id="addProductToShoppingList_176" onclick="javascript:Tapestry.waitForPage(event);" title="Ajouter à ma liste" class="bt-produit-ajout-liste" href="http://www.refonte.auchandirect.fr/rayon.productgridorlist.productlist_1.thumbnailproduct_0.addproducttoshoppinglist/58421?t:ac=476">Ajouter à ma liste</a></div><div class="infos-produit-1"><div class="prix-actuel"><span>2.58€</span></div></div><div class="infos-produit-2"><a title="Voir le produit" href="http://www.refonte.auchandirect.fr/bio-ecolo/boissons-bio/jus-d'orange-concentré/id1/455/58421"><h2>PRESSADE</h2><h4>Jus d'orange concentré</h4><h4>Bio</h4><p>
1,5 l
<br/>
1.72€/l
</p></a></div><div class="mini_picto_bas"><img src="http://www.refonte.auchandirect.fr/static/images/AB_small.jpg"/></div></div></div></td><td><!-- PL : ici --><div class="bloc-produit  bientot-dispo"><div class="bloc-produit-content"><a title="Voir le produit" href="http://www.refonte.auchandirect.fr/bio-ecolo/boissons-bio/jus-de-pomme/id1/455/58420"><img src="http://www.refonte.auchandirect.fr/static/images/products/line/58420.jpg" alt="" class="produit "/></a><div class="picto"><span class="invisible"></span></div><div class="boutons-produit"><a class="bt-produit-ajout-panier disable" title="Bientôt disponible" href="javascript:void(0)">Bientôt disponible</a><a id="addProductToShoppingList_177" onclick="javascript:Tapestry.waitForPage(event);" title="Ajouter à ma liste" class="bt-produit-ajout-liste" href="http://www.refonte.auchandirect.fr/rayon.productgridorlist.productlist_1.thumbnailproduct_0.addproducttoshoppinglist/58420?t:ac=476">Ajouter à ma liste</a></div><div class="infos-produit-1"><div class="prix-actuel"><span>2.63€</span></div></div><div class="infos-produit-2"><a title="Voir le produit" href="http://www.refonte.auchandirect.fr/bio-ecolo/boissons-bio/jus-de-pomme/id1/455/58420"><h2>PRESSADE</h2><h4>Jus de pomme</h4><h4>Bio</h4><p>
1,5 l
<br/>
1.75€/l
</p></a></div><div class="mini_picto_bas"><img src="http://www.refonte.auchandirect.fr/static/images/AB_small.jpg"/></div></div></div></td><td><!-- PL : ici --><div class="bloc-produit "><div class="bloc-produit-content"><a title="Voir le produit" href="http://www.refonte.auchandirect.fr/bio-ecolo/boissons-bio/jus-multivitaminé-bio/id1/455/59414"><img src="http://www.refonte.auchandirect.fr/static/images/products/line/59414.jpg" alt="" class="produit "/></a><div class="picto"><span class="invisible"></span></div><div class="boutons-produit"><a id="addProductToBasket_117" onclick="javascript:Tapestry.waitForPage(event);" title="Ajouter au panier" class="bt-produit-ajout-panier" href="http://www.refonte.auchandirect.fr/rayon.productgridorlist.productlist_1.thumbnailproduct_0.addproducttobasket/59414?t:ac=476">Ajouter au panier</a><a id="addProductToShoppingList_178" onclick="javascript:Tapestry.waitForPage(event);" title="Ajouter à ma liste" class="bt-produit-ajout-liste" href="http://www.refonte.auchandirect.fr/rayon.productgridorlist.productlist_1.thumbnailproduct_0.addproducttoshoppinglist/59414?t:ac=476">Ajouter à ma liste</a></div><div class="infos-produit-1"><div class="prix-actuel"><span>2.58€</span></div></div><div class="infos-produit-2"><a title="Voir le produit" href="http://www.refonte.auchandirect.fr/bio-ecolo/boissons-bio/jus-multivitaminé-bio/id1/455/59414"><h2>PRESSADE</h2><h4>Jus multivitaminé bio</h4><h4></h4><p>
1,5 l
<br/>
1.72€/l
</p></a></div><div class="mini_picto_bas"><img src="http://www.refonte.auchandirect.fr/static/images/AB_small.jpg"/></div></div></div></td></tr><tr><td><!-- PL : ici --><div class="bloc-produit  bientot-dispo"><div class="bloc-produit-content"><a title="Voir le produit" href="http://www.refonte.auchandirect.fr/boissons/jus,-softs/boisson-rafraîchissante-aux-fruits-et-à-l'eau-de-source/id1/476/54877"><img src="http://www.refonte.auchandirect.fr/static/images/products/line/54877.jpg" alt="" class="produit "/></a><div class="picto"><span class="invisible"></span></div><div class="boutons-produit"><a class="bt-produit-ajout-panier disable" title="Bientôt disponible" href="javascript:void(0)">Bientôt disponible</a><a id="addProductToShoppingList_179" onclick="javascript:Tapestry.waitForPage(event);" title="Ajouter à ma liste" class="bt-produit-ajout-liste" href="http://www.refonte.auchandirect.fr/rayon.productgridorlist.productlist_1.thumbnailproduct_0.addproducttoshoppinglist/54877?t:ac=476">Ajouter à ma liste</a></div><div class="infos-produit-1"><div class="prix-actuel"><span>2.42€</span></div></div><div class="infos-produit-2"><a title="Voir le produit" href="http://www.refonte.auchandirect.fr/boissons/jus,-softs/boisson-rafraîchissante-aux-fruits-et-à-l'eau-de-source/id1/476/54877"><h2>PULCO</h2><h4>Boisson rafraîchissante aux fruits et à l'eau de source</h4><h4>Citronnade</h4><p>
1,5 l
<br/>
1.61€/l
</p></a></div><div class="mini_picto_bas"></div></div></div></td><td><!-- PL : ici --><div class="bloc-produit "><div class="bloc-produit-content"><a title="Voir le produit" href="http://www.refonte.auchandirect.fr/boissons/jus,-softs/sirop-concentré/id1/476/39753"><img src="http://www.refonte.auchandirect.fr/static/images/products/line/39753.jpg" alt="" class="produit "/></a><div class="picto"><span class="invisible"></span></div><div class="boutons-produit"><a id="addProductToBasket_118" onclick="javascript:Tapestry.waitForPage(event);" title="Ajouter au panier" class="bt-produit-ajout-panier" href="http://www.refonte.auchandirect.fr/rayon.productgridorlist.productlist_1.thumbnailproduct_0.addproducttobasket/39753?t:ac=476">Ajouter au panier</a><a id="addProductToShoppingList_180" onclick="javascript:Tapestry.waitForPage(event);" title="Ajouter à ma liste" class="bt-produit-ajout-liste" href="http://www.refonte.auchandirect.fr/rayon.productgridorlist.productlist_1.thumbnailproduct_0.addproducttoshoppinglist/39753?t:ac=476">Ajouter à ma liste</a></div><div class="infos-produit-1"><div class="prix-actuel"><span>2.94€</span></div></div><div class="infos-produit-2"><a title="Voir le produit" href="http://www.refonte.auchandirect.fr/boissons/jus,-softs/sirop-concentré/id1/476/39753"><h2>PULCO</h2><h4>Sirop concentré</h4><h4>Orange</h4><p>
70 cl
<br/>
4.20€/l
</p></a></div><div class="mini_picto_bas"></div></div></div></td><td><!-- PL : ici --><div class="bloc-produit "><div class="bloc-produit-content"><a title="Voir le produit" href="http://www.refonte.auchandirect.fr/boissons/jus,-softs/sirop-à-la-pulpe/id1/476/100689"><img src="http://www.refonte.auchandirect.fr/static/images/products/line/100689.jpg" alt="" class="produit "/></a><div class="picto"><span class="invisible"></span></div><div class="boutons-produit"><a id="addProductToBasket_119" onclick="javascript:Tapestry.waitForPage(event);" title="Ajouter au panier" class="bt-produit-ajout-panier" href="http://www.refonte.auchandirect.fr/rayon.productgridorlist.productlist_1.thumbnailproduct_0.addproducttobasket/100689?t:ac=476">Ajouter au panier</a><a id="addProductToShoppingList_181" onclick="javascript:Tapestry.waitForPage(event);" title="Ajouter à ma liste" class="bt-produit-ajout-liste" href="http://www.refonte.auchandirect.fr/rayon.productgridorlist.productlist_1.thumbnailproduct_0.addproducttoshoppinglist/100689?t:ac=476">Ajouter à ma liste</a></div><div class="infos-produit-1"><div class="prix-actuel"><span>3.17€</span></div></div><div class="infos-produit-2"><a title="Voir le produit" href="http://www.refonte.auchandirect.fr/boissons/jus,-softs/sirop-à-la-pulpe/id1/476/100689"><h2>PULCO</h2><h4>Sirop à la pulpe</h4><h4>Citron</h4><p>
70 cl
<br/>
4.53€/l
</p></a></div><div class="mini_picto_bas"></div></div></div></td></tr><tr><td><!-- PL : ici --><div class="bloc-produit "><div class="bloc-produit-content"><a title="Voir le produit" href="http://www.refonte.auchandirect.fr/boissons/jus,-softs/sirop-de-citron-vert/id1/476/16934"><img src="http://www.refonte.auchandirect.fr/static/images/products/line/16934.jpg" alt="" class="produit "/></a><div class="picto"><span class="invisible"></span></div><div class="boutons-produit"><a id="addProductToBasket_120" onclick="javascript:Tapestry.waitForPage(event);" title="Ajouter au panier" class="bt-produit-ajout-panier" href="http://www.refonte.auchandirect.fr/rayon.productgridorlist.productlist_1.thumbnailproduct_0.addproducttobasket/16934?t:ac=476">Ajouter au panier</a><a id="addProductToShoppingList_182" onclick="javascript:Tapestry.waitForPage(event);" title="Ajouter à ma liste" class="bt-produit-ajout-liste" href="http://www.refonte.auchandirect.fr/rayon.productgridorlist.productlist_1.thumbnailproduct_0.addproducttoshoppinglist/16934?t:ac=476">Ajouter à ma liste</a></div><div class="infos-produit-1"><div class="prix-actuel"><span>3.03€</span></div></div><div class="infos-produit-2"><a title="Voir le produit" href="http://www.refonte.auchandirect.fr/boissons/jus,-softs/sirop-de-citron-vert/id1/476/16934"><h2>PULCO</h2><h4>Sirop de citron vert</h4><h4></h4><p>
70 cl
<br/>
4.33€/l
</p></a></div><div class="mini_picto_bas"></div></div></div></td><td><!-- PL : ici --><div class="bloc-produit "><div class="bloc-produit-content"><a title="Voir le produit" href="http://www.refonte.auchandirect.fr/boissons/jus,-softs/boisson-énergisante-gazéifiée/id1/476/47386"><img src="http://www.refonte.auchandirect.fr/static/images/products/line/47386.jpg" alt="" class="produit "/></a><div class="picto"><span class="invisible"></span></div><div class="boutons-produit"><a id="addProductToBasket_121" onclick="javascript:Tapestry.waitForPage(event);" title="Ajouter au panier" class="bt-produit-ajout-panier" href="http://www.refonte.auchandirect.fr/rayon.productgridorlist.productlist_1.thumbnailproduct_0.addproducttobasket/47386?t:ac=476">Ajouter au panier</a><a id="addProductToShoppingList_183" onclick="javascript:Tapestry.waitForPage(event);" title="Ajouter à ma liste" class="bt-produit-ajout-liste" href="http://www.refonte.auchandirect.fr/rayon.productgridorlist.productlist_1.thumbnailproduct_0.addproducttoshoppinglist/47386?t:ac=476">Ajouter à ma liste</a></div><div class="infos-produit-1"><div class="prix-actuel"><span>1.67€</span></div></div><div class="infos-produit-2"><a title="Voir le produit" href="http://www.refonte.auchandirect.fr/boissons/jus,-softs/boisson-énergisante-gazéifiée/id1/476/47386"><h2>REDBULL</h2><h4>Boisson énergisante gazéifiée</h4><h4>Energy drink</h4><p>
250 ml
<br/>
6.68€/l
</p></a></div><div class="mini_picto_bas"></div></div></div></td><td><!-- PL : ici --><div class="bloc-produit "><div class="bloc-produit-content"><a title="Voir le produit" href="http://www.refonte.auchandirect.fr/boissons/jus,-softs/boisson-énergisante-light/id1/476/49899"><img src="http://www.refonte.auchandirect.fr/static/images/products/line/49899.jpg" alt="" class="produit "/></a><div class="picto"><span class="invisible"></span></div><div class="boutons-produit"><a id="addProductToBasket_122" onclick="javascript:Tapestry.waitForPage(event);" title="Ajouter au panier" class="bt-produit-ajout-panier" href="http://www.refonte.auchandirect.fr/rayon.productgridorlist.productlist_1.thumbnailproduct_0.addproducttobasket/49899?t:ac=476">Ajouter au panier</a><a id="addProductToShoppingList_184" onclick="javascript:Tapestry.waitForPage(event);" title="Ajouter à ma liste" class="bt-produit-ajout-liste" href="http://www.refonte.auchandirect.fr/rayon.productgridorlist.productlist_1.thumbnailproduct_0.addproducttoshoppinglist/49899?t:ac=476">Ajouter à ma liste</a></div><div class="infos-produit-1"><div class="prix-actuel"><span>1.67€</span></div></div><div class="infos-produit-2"><a title="Voir le produit" href="http://www.refonte.auchandirect.fr/boissons/jus,-softs/boisson-énergisante-light/id1/476/49899"><h2>REDBULL</h2><h4>Boisson énergisante Light</h4><h4>Energy drink</h4><p>
25 cl
<br/>
6.68€/l
</p></a></div><div class="mini_picto_bas"></div></div></div></td></tr><tr><td><!-- PL : ici --><div class="bloc-produit "><div class="bloc-produit-content"><a title="Voir le produit" href="http://www.refonte.auchandirect.fr/boissons/jus,-softs/boisson-énergisante-gazéifiée/id1/476/55131"><img src="http://www.refonte.auchandirect.fr/static/images/products/line/55131.jpg" alt="" class="produit "/></a><div class="picto"><span class="invisible"></span></div><div class="boutons-produit"><a id="addProductToBasket_123" onclick="javascript:Tapestry.waitForPage(event);" title="Ajouter au panier" class="bt-produit-ajout-panier" href="http://www.refonte.auchandirect.fr/rayon.productgridorlist.productlist_1.thumbnailproduct_0.addproducttobasket/55131?t:ac=476">Ajouter au panier</a><a id="addProductToShoppingList_185" onclick="javascript:Tapestry.waitForPage(event);" title="Ajouter à ma liste" class="bt-produit-ajout-liste" href="http://www.refonte.auchandirect.fr/rayon.productgridorlist.productlist_1.thumbnailproduct_0.addproducttoshoppinglist/55131?t:ac=476">Ajouter à ma liste</a></div><div class="infos-produit-1"><div class="prix-actuel"><span>2.23€</span></div></div><div class="infos-produit-2"><a title="Voir le produit" href="http://www.refonte.auchandirect.fr/boissons/jus,-softs/boisson-énergisante-gazéifiée/id1/476/55131"><h2>REDBULL</h2><h4>Boisson énergisante gazéifiée</h4><h4>Energy drink</h4><p>
355 ml
<br/>
6.28€/l
</p></a></div><div class="mini_picto_bas"></div></div></div></td><td><!-- PL : ici --><div class="bloc-produit "><div class="bloc-produit-content"><a title="Voir le produit" href="http://www.refonte.auchandirect.fr/boissons/jus,-softs/boisson-énergisante-light/id1/476/97475"><img src="http://www.refonte.auchandirect.fr/static/images/products/line/97475.jpg" alt="" class="produit "/></a><div class="picto"><span class="invisible"></span></div><div class="boutons-produit"><a id="addProductToBasket_124" onclick="javascript:Tapestry.waitForPage(event);" title="Ajouter au panier" class="bt-produit-ajout-panier" href="http://www.refonte.auchandirect.fr/rayon.productgridorlist.productlist_1.thumbnailproduct_0.addproducttobasket/97475?t:ac=476">Ajouter au panier</a><a id="addProductToShoppingList_186" onclick="javascript:Tapestry.waitForPage(event);" title="Ajouter à ma liste" class="bt-produit-ajout-liste" href="http://www.refonte.auchandirect.fr/rayon.productgridorlist.productlist_1.thumbnailproduct_0.addproducttoshoppinglist/97475?t:ac=476">Ajouter à ma liste</a></div><div class="infos-produit-1"><div class="prix-actuel"><span>5.99€</span></div></div><div class="infos-produit-2"><a title="Voir le produit" href="http://www.refonte.auchandirect.fr/boissons/jus,-softs/boisson-énergisante-light/id1/476/97475"><h2>REDBULL</h2><h4>Boisson énergisante light</h4><h4></h4><p>
4 x 25 cl
<br/>
5.99€/l
</p></a></div><div class="mini_picto_bas"></div></div></div></td><td><!-- PL : ici --><div class="bloc-produit produit-auchan"><div class="bloc-produit-content"><a title="Voir le produit" href="http://www.refonte.auchandirect.fr/boissons/jus,-softs/mini-briques-à-l'orange/id1/476/1347"><img src="http://www.refonte.auchandirect.fr/static/images/products/line/1347.jpg" alt="" class="produit "/></a><div class="picto"><span class="invisible"></span></div><div class="boutons-produit"><a id="addProductToBasket_125" onclick="javascript:Tapestry.waitForPage(event);" title="Ajouter au panier" class="bt-produit-ajout-panier" href="http://www.refonte.auchandirect.fr/rayon.productgridorlist.productlist_1.thumbnailproduct_0.addproducttobasket/1347?t:ac=476">Ajouter au panier</a><a id="addProductToShoppingList_187" onclick="javascript:Tapestry.waitForPage(event);" title="Ajouter à ma liste" class="bt-produit-ajout-liste" href="http://www.refonte.auchandirect.fr/rayon.productgridorlist.productlist_1.thumbnailproduct_0.addproducttoshoppinglist/1347?t:ac=476">Ajouter à ma liste</a></div><div class="infos-produit-1"><div class="prix-actuel"><span>2.22€</span></div></div><div class="infos-produit-2"><a title="Voir le produit" href="http://www.refonte.auchandirect.fr/boissons/jus,-softs/mini-briques-à-l'orange/id1/476/1347"><h2>RIK &amp; ROK</h2><h4>Mini-briques à l'orange</h4><h4>Jus d'orange concentré</h4><p>
9 x 20 cl
<br/>
1.23€/l
</p></a></div><div class="mini_picto_bas"><img src="http://www.refonte.auchandirect.fr/static/images/rikrok_small.jpg"/></div></div></div></td></tr><tr><td><!-- PL : ici --><div class="bloc-produit produit-auchan"><div class="bloc-produit-content"><a title="Voir le produit" href="http://www.refonte.auchandirect.fr/boissons/jus,-softs/jus-de-pomme-,/id1/476/1348"><img src="http://www.refonte.auchandirect.fr/static/images/products/line/1348.jpg" alt="" class="produit "/></a><div class="picto"><span class="invisible"></span></div><div class="boutons-produit"><a id="addProductToBasket_126" onclick="javascript:Tapestry.waitForPage(event);" title="Ajouter au panier" class="bt-produit-ajout-panier" href="http://www.refonte.auchandirect.fr/rayon.productgridorlist.productlist_1.thumbnailproduct_0.addproducttobasket/1348?t:ac=476">Ajouter au panier</a><a id="addProductToShoppingList_188" onclick="javascript:Tapestry.waitForPage(event);" title="Ajouter à ma liste" class="bt-produit-ajout-liste" href="http://www.refonte.auchandirect.fr/rayon.productgridorlist.productlist_1.thumbnailproduct_0.addproducttoshoppinglist/1348?t:ac=476">Ajouter à ma liste</a></div><div class="infos-produit-1"><div class="prix-actuel"><span>3.32€</span></div></div><div class="infos-produit-2"><a title="Voir le produit" href="http://www.refonte.auchandirect.fr/boissons/jus,-softs/jus-de-pomme-,/id1/476/1348"><h2>RIK &amp; ROK</h2><h4>Jus de pomme ,</h4><h4></h4><p>
9 x 20 cl
<br/>
1.84€/l
</p></a></div><div class="mini_picto_bas"><img src="http://www.refonte.auchandirect.fr/static/images/rikrok_small.jpg"/></div></div></div></td><td><!-- PL : ici --><div class="bloc-produit produit-auchan"><div class="bloc-produit-content"><a title="Voir le produit" href="http://www.refonte.auchandirect.fr/boissons/jus,-softs/jus-d'ananas/id1/476/37429"><img src="http://www.refonte.auchandirect.fr/static/images/products/line/37429.jpg" alt="" class="produit "/></a><div class="picto"><span class="invisible"></span></div><div class="boutons-produit"><a id="addProductToBasket_127" onclick="javascript:Tapestry.waitForPage(event);" title="Ajouter au panier" class="bt-produit-ajout-panier" href="http://www.refonte.auchandirect.fr/rayon.productgridorlist.productlist_1.thumbnailproduct_0.addproducttobasket/37429?t:ac=476">Ajouter au panier</a><a id="addProductToShoppingList_189" onclick="javascript:Tapestry.waitForPage(event);" title="Ajouter à ma liste" class="bt-produit-ajout-liste" href="http://www.refonte.auchandirect.fr/rayon.productgridorlist.productlist_1.thumbnailproduct_0.addproducttoshoppinglist/37429?t:ac=476">Ajouter à ma liste</a></div><div class="infos-produit-1"><div class="prix-actuel"><span>2.76€</span></div></div><div class="infos-produit-2"><a title="Voir le produit" href="http://www.refonte.auchandirect.fr/boissons/jus,-softs/jus-d'ananas/id1/476/37429"><h2>RIK &amp; ROK</h2><h4>Jus d'ananas</h4><h4></h4><p>
9 x 20 cl
<br/>
1.53€/l
</p></a></div><div class="mini_picto_bas"><img src="http://www.refonte.auchandirect.fr/static/images/rikrok_small.jpg"/></div></div></div></td><td><!-- PL : ici --><div class="bloc-produit produit-auchan"><div class="bloc-produit-content"><a title="Voir le produit" href="http://www.refonte.auchandirect.fr/boissons/jus,-softs/multivitaminé/id1/476/30658"><img src="http://www.refonte.auchandirect.fr/static/images/products/line/30658.jpg" alt="" class="produit "/></a><div class="picto"><span class="invisible"></span></div><div class="boutons-produit"><a id="addProductToBasket_128" onclick="javascript:Tapestry.waitForPage(event);" title="Ajouter au panier" class="bt-produit-ajout-panier" href="http://www.refonte.auchandirect.fr/rayon.productgridorlist.productlist_1.thumbnailproduct_0.addproducttobasket/30658?t:ac=476">Ajouter au panier</a><a id="addProductToShoppingList_190" onclick="javascript:Tapestry.waitForPage(event);" title="Ajouter à ma liste" class="bt-produit-ajout-liste" href="http://www.refonte.auchandirect.fr/rayon.productgridorlist.productlist_1.thumbnailproduct_0.addproducttoshoppinglist/30658?t:ac=476">Ajouter à ma liste</a></div><div class="infos-produit-1"><div class="prix-actuel"><span>2.43€</span></div></div><div class="infos-produit-2"><a title="Voir le produit" href="http://www.refonte.auchandirect.fr/boissons/jus,-softs/multivitaminé/id1/476/30658"><h2>RIK &amp; ROK</h2><h4>multivitaminé</h4><h4>Jus de fruit</h4><p>
9 x 20 cl
<br/>
1.35€/l
</p></a></div><div class="mini_picto_bas"><img src="http://www.refonte.auchandirect.fr/static/images/rikrok_small.jpg"/></div></div></div></td></tr><tr><td><!-- PL : ici --><div class="bloc-produit produit-auchan"><div class="bloc-produit-content"><a title="Voir le produit" href="http://www.refonte.auchandirect.fr/boissons/jus,-softs/boisson-gazeuse/id1/476/1460"><img src="http://www.refonte.auchandirect.fr/static/images/products/line/1460.jpg" alt="" class="produit "/></a><div class="picto"><span class="invisible"></span></div><div class="boutons-produit"><a id="addProductToBasket_129" onclick="javascript:Tapestry.waitForPage(event);" title="Ajouter au panier" class="bt-produit-ajout-panier" href="http://www.refonte.auchandirect.fr/rayon.productgridorlist.productlist_1.thumbnailproduct_0.addproducttobasket/1460?t:ac=476">Ajouter au panier</a><a id="addProductToShoppingList_191" onclick="javascript:Tapestry.waitForPage(event);" title="Ajouter à ma liste" class="bt-produit-ajout-liste" href="http://www.refonte.auchandirect.fr/rayon.productgridorlist.productlist_1.thumbnailproduct_0.addproducttoshoppinglist/1460?t:ac=476">Ajouter à ma liste</a></div><div class="infos-produit-1"><div class="prix-actuel"><span>0.83€</span></div></div><div class="infos-produit-2"><a title="Voir le produit" href="http://www.refonte.auchandirect.fr/boissons/jus,-softs/boisson-gazeuse/id1/476/1460"><h2>RIK &amp; ROK</h2><h4>Boisson gazeuse</h4><h4>Orange</h4><p>
1,5 l
<br/>
0.55€/l
</p></a></div><div class="mini_picto_bas"><img src="http://www.refonte.auchandirect.fr/static/images/rikrok_small.jpg"/></div></div></div></td><td><!-- PL : ici --><div class="bloc-produit produit-auchan bientot-dispo"><div class="bloc-produit-content"><a title="Voir le produit" href="http://www.refonte.auchandirect.fr/boissons/jus,-softs/boisson-gazeuse/id1/476/1459"><img src="http://www.refonte.auchandirect.fr/static/images/products/line/1459.jpg" alt="" class="produit "/></a><div class="picto"><span class="invisible"></span></div><div class="boutons-produit"><a class="bt-produit-ajout-panier disable" title="Bientôt disponible" href="javascript:void(0)">Bientôt disponible</a><a id="addProductToShoppingList_192" onclick="javascript:Tapestry.waitForPage(event);" title="Ajouter à ma liste" class="bt-produit-ajout-liste" href="http://www.refonte.auchandirect.fr/rayon.productgridorlist.productlist_1.thumbnailproduct_0.addproducttoshoppinglist/1459?t:ac=476">Ajouter à ma liste</a></div><div class="infos-produit-1"><div class="prix-actuel"><span>0.80€</span></div></div><div class="infos-produit-2"><a title="Voir le produit" href="http://www.refonte.auchandirect.fr/boissons/jus,-softs/boisson-gazeuse/id1/476/1459"><h2>RIK &amp; ROK</h2><h4>Boisson gazeuse</h4><h4>Citron</h4><p>
1.5 l
<br/>
0.53€/l
</p></a></div><div class="mini_picto_bas"></div></div></div></td><td><!-- PL : ici --><div class="bloc-produit produit-auchan"><div class="bloc-produit-content"><a title="Voir le produit" href="http://www.refonte.auchandirect.fr/boissons/jus,-softs/sirop-cassis/id1/476/1209"><img src="http://www.refonte.auchandirect.fr/static/images/products/line/1209.jpg" alt="" class="produit "/></a><div class="picto"><span class="invisible"></span></div><div class="boutons-produit"><a id="addProductToBasket_130" onclick="javascript:Tapestry.waitForPage(event);" title="Ajouter au panier" class="bt-produit-ajout-panier" href="http://www.refonte.auchandirect.fr/rayon.productgridorlist.productlist_1.thumbnailproduct_0.addproducttobasket/1209?t:ac=476">Ajouter au panier</a><a id="addProductToShoppingList_193" onclick="javascript:Tapestry.waitForPage(event);" title="Ajouter à ma liste" class="bt-produit-ajout-liste" href="http://www.refonte.auchandirect.fr/rayon.productgridorlist.productlist_1.thumbnailproduct_0.addproducttoshoppinglist/1209?t:ac=476">Ajouter à ma liste</a></div><div class="infos-produit-1"><div class="prix-actuel"><span>2.14€</span></div></div><div class="infos-produit-2"><a title="Voir le produit" href="http://www.refonte.auchandirect.fr/boissons/jus,-softs/sirop-cassis/id1/476/1209"><h2>RIK &amp; ROK</h2><h4>Sirop cassis</h4><h4></h4><p>
75 cl
<br/>
2.85€/l
</p></a></div><div class="mini_picto_bas"><img src="http://www.refonte.auchandirect.fr/static/images/rikrok_small.jpg"/></div></div></div></td></tr><tr><td><!-- PL : ici --><div class="bloc-produit produit-auchan"><div class="bloc-produit-content"><a title="Voir le produit" href="http://www.refonte.auchandirect.fr/boissons/jus,-softs/sirop-fruits-de-la-passion/id1/476/34113"><img src="http://www.refonte.auchandirect.fr/static/images/products/line/34113.jpg" alt="" class="produit "/></a><div class="picto"><span class="invisible"></span></div><div class="boutons-produit"><a id="addProductToBasket_131" onclick="javascript:Tapestry.waitForPage(event);" title="Ajouter au panier" class="bt-produit-ajout-panier" href="http://www.refonte.auchandirect.fr/rayon.productgridorlist.productlist_1.thumbnailproduct_0.addproducttobasket/34113?t:ac=476">Ajouter au panier</a><a id="addProductToShoppingList_194" onclick="javascript:Tapestry.waitForPage(event);" title="Ajouter à ma liste" class="bt-produit-ajout-liste" href="http://www.refonte.auchandirect.fr/rayon.productgridorlist.productlist_1.thumbnailproduct_0.addproducttoshoppinglist/34113?t:ac=476">Ajouter à ma liste</a></div><div class="infos-produit-1"><div class="prix-actuel"><span>2.44€</span></div></div><div class="infos-produit-2"><a title="Voir le produit" href="http://www.refonte.auchandirect.fr/boissons/jus,-softs/sirop-fruits-de-la-passion/id1/476/34113"><h2>RIK &amp; ROK</h2><h4>Sirop fruits de la passion</h4><h4></h4><p>
75 cl
<br/>
3.25€/l
</p></a></div><div class="mini_picto_bas"><img src="http://www.refonte.auchandirect.fr/static/images/rikrok_small.jpg"/></div></div></div></td><td><!-- PL : ici --><div class="bloc-produit produit-auchan bientot-dispo"><div class="bloc-produit-content"><a title="Voir le produit" href="http://www.refonte.auchandirect.fr/boissons/jus,-softs/sirop-citron/id1/476/40536"><img src="http://www.refonte.auchandirect.fr/static/images/products/line/40536.jpg" alt="" class="produit "/></a><div class="picto"><span class="invisible"></span></div><div class="boutons-produit"><a class="bt-produit-ajout-panier disable" title="Bientôt disponible" href="javascript:void(0)">Bientôt disponible</a><a id="addProductToShoppingList_195" onclick="javascript:Tapestry.waitForPage(event);" title="Ajouter à ma liste" class="bt-produit-ajout-liste" href="http://www.refonte.auchandirect.fr/rayon.productgridorlist.productlist_1.thumbnailproduct_0.addproducttoshoppinglist/40536?t:ac=476">Ajouter à ma liste</a></div><div class="infos-produit-1"><div class="prix-actuel"><span>1.71€</span></div></div><div class="infos-produit-2"><a title="Voir le produit" href="http://www.refonte.auchandirect.fr/boissons/jus,-softs/sirop-citron/id1/476/40536"><h2>RIK &amp; ROK</h2><h4>Sirop citron</h4><h4></h4><p>
75 cl
<br/>
2.28€/l
</p></a></div><div class="mini_picto_bas"><img src="http://www.refonte.auchandirect.fr/static/images/rikrok_small.jpg"/></div></div></div></td><td><!-- PL : ici --><div class="bloc-produit produit-auchan"><div class="bloc-produit-content"><a title="Voir le produit" href="http://www.refonte.auchandirect.fr/boissons/jus,-softs/sirop-fraise/id1/476/28460"><img src="http://www.refonte.auchandirect.fr/static/images/products/line/28460.jpg" alt="" class="produit "/></a><div class="picto"><span class="invisible"></span></div><div class="boutons-produit"><a id="addProductToBasket_132" onclick="javascript:Tapestry.waitForPage(event);" title="Ajouter au panier" class="bt-produit-ajout-panier" href="http://www.refonte.auchandirect.fr/rayon.productgridorlist.productlist_1.thumbnailproduct_0.addproducttobasket/28460?t:ac=476">Ajouter au panier</a><a id="addProductToShoppingList_196" onclick="javascript:Tapestry.waitForPage(event);" title="Ajouter à ma liste" class="bt-produit-ajout-liste" href="http://www.refonte.auchandirect.fr/rayon.productgridorlist.productlist_1.thumbnailproduct_0.addproducttoshoppinglist/28460?t:ac=476">Ajouter à ma liste</a></div><div class="infos-produit-1"><div class="prix-actuel"><span>1.86€</span></div></div><div class="infos-produit-2"><a title="Voir le produit" href="http://www.refonte.auchandirect.fr/boissons/jus,-softs/sirop-fraise/id1/476/28460"><h2>RIK &amp; ROK</h2><h4>Sirop fraise</h4><h4></h4><p>
75 cl
<br/>
2.48€/l
</p></a></div><div class="mini_picto_bas"><img src="http://www.refonte.auchandirect.fr/static/images/rikrok_small.jpg"/></div></div></div></td></tr><tr><td><!-- PL : ici --><div class="bloc-produit produit-auchan"><div class="bloc-produit-content"><a title="Voir le produit" href="http://www.refonte.auchandirect.fr/boissons/jus,-softs/sirop-menthe/id1/476/27905"><img src="http://www.refonte.auchandirect.fr/static/images/products/line/27905.jpg" alt="" class="produit "/></a><div class="picto"><span class="invisible"></span></div><div class="boutons-produit"><a id="addProductToBasket_133" onclick="javascript:Tapestry.waitForPage(event);" title="Ajouter au panier" class="bt-produit-ajout-panier" href="http://www.refonte.auchandirect.fr/rayon.productgridorlist.productlist_1.thumbnailproduct_0.addproducttobasket/27905?t:ac=476">Ajouter au panier</a><a id="addProductToShoppingList_197" onclick="javascript:Tapestry.waitForPage(event);" title="Ajouter à ma liste" class="bt-produit-ajout-liste" href="http://www.refonte.auchandirect.fr/rayon.productgridorlist.productlist_1.thumbnailproduct_0.addproducttoshoppinglist/27905?t:ac=476">Ajouter à ma liste</a></div><div class="infos-produit-1"><div class="prix-actuel"><span>1.41€</span></div></div><div class="infos-produit-2"><a title="Voir le produit" href="http://www.refonte.auchandirect.fr/boissons/jus,-softs/sirop-menthe/id1/476/27905"><h2>RIK &amp; ROK</h2><h4>Sirop menthe</h4><h4></h4><p>
75 cl
<br/>
1.88€/l
</p></a></div><div class="mini_picto_bas"><img src="http://www.refonte.auchandirect.fr/static/images/rikrok_small.jpg"/></div></div></div></td><td><!-- PL : ici --><div class="bloc-produit produit-auchan"><div class="bloc-produit-content"><a title="Voir le produit" href="http://www.refonte.auchandirect.fr/boissons/jus,-softs/sirop-grenadine/id1/476/5478"><img src="http://www.refonte.auchandirect.fr/static/images/products/line/5478.jpg" alt="" class="produit "/></a><div class="picto"><span class="invisible"></span></div><div class="boutons-produit"><a id="addProductToBasket_134" onclick="javascript:Tapestry.waitForPage(event);" title="Ajouter au panier" class="bt-produit-ajout-panier" href="http://www.refonte.auchandirect.fr/rayon.productgridorlist.productlist_1.thumbnailproduct_0.addproducttobasket/5478?t:ac=476">Ajouter au panier</a><a id="addProductToShoppingList_198" onclick="javascript:Tapestry.waitForPage(event);" title="Ajouter à ma liste" class="bt-produit-ajout-liste" href="http://www.refonte.auchandirect.fr/rayon.productgridorlist.productlist_1.thumbnailproduct_0.addproducttoshoppinglist/5478?t:ac=476">Ajouter à ma liste</a></div><div class="infos-produit-1"><div class="prix-actuel"><span>1.47€</span></div></div><div class="infos-produit-2"><a title="Voir le produit" href="http://www.refonte.auchandirect.fr/boissons/jus,-softs/sirop-grenadine/id1/476/5478"><h2>RIK &amp; ROK</h2><h4>Sirop grenadine</h4><h4></h4><p>
75 cl
<br/>
1.96€/l
</p></a></div><div class="mini_picto_bas"><img src="http://www.refonte.auchandirect.fr/static/images/rikrok_small.jpg"/></div></div></div></td><td><!-- PL : ici --><div class="bloc-produit produit-auchan"><div class="bloc-produit-content"><a title="Voir le produit" href="http://www.refonte.auchandirect.fr/boissons/jus,-softs/sirop-orange/id1/476/1210"><img src="http://www.refonte.auchandirect.fr/static/images/products/line/1210.jpg" alt="" class="produit "/></a><div class="picto"><span class="invisible"></span></div><div class="boutons-produit"><a id="addProductToBasket_135" onclick="javascript:Tapestry.waitForPage(event);" title="Ajouter au panier" class="bt-produit-ajout-panier" href="http://www.refonte.auchandirect.fr/rayon.productgridorlist.productlist_1.thumbnailproduct_0.addproducttobasket/1210?t:ac=476">Ajouter au panier</a><a id="addProductToShoppingList_199" onclick="javascript:Tapestry.waitForPage(event);" title="Ajouter à ma liste" class="bt-produit-ajout-liste" href="http://www.refonte.auchandirect.fr/rayon.productgridorlist.productlist_1.thumbnailproduct_0.addproducttoshoppinglist/1210?t:ac=476">Ajouter à ma liste</a></div><div class="infos-produit-1"><div class="prix-actuel"><span>1.77€</span></div></div><div class="infos-produit-2"><a title="Voir le produit" href="http://www.refonte.auchandirect.fr/boissons/jus,-softs/sirop-orange/id1/476/1210"><h2>RIK &amp; ROK</h2><h4>Sirop orange</h4><h4></h4><p>
75 cl
<br/>
2.36€/l
</p></a></div><div class="mini_picto_bas"><img src="http://www.refonte.auchandirect.fr/static/images/rikrok_small.jpg"/></div></div></div></td></tr><tr><td><!-- PL : ici --><div class="bloc-produit produit-auchan"><div class="bloc-produit-content"><a title="Voir le produit" href="http://www.refonte.auchandirect.fr/boissons/jus,-softs/sirop-pêches/id1/476/40541"><img src="http://www.refonte.auchandirect.fr/static/images/products/line/40541.jpg" alt="" class="produit "/></a><div class="picto"><span class="invisible"></span></div><div class="boutons-produit"><a id="addProductToBasket_136" onclick="javascript:Tapestry.waitForPage(event);" title="Ajouter au panier" class="bt-produit-ajout-panier" href="http://www.refonte.auchandirect.fr/rayon.productgridorlist.productlist_1.thumbnailproduct_0.addproducttobasket/40541?t:ac=476">Ajouter au panier</a><a id="addProductToShoppingList_200" onclick="javascript:Tapestry.waitForPage(event);" title="Ajouter à ma liste" class="bt-produit-ajout-liste" href="http://www.refonte.auchandirect.fr/rayon.productgridorlist.productlist_1.thumbnailproduct_0.addproducttoshoppinglist/40541?t:ac=476">Ajouter à ma liste</a></div><div class="infos-produit-1"><div class="prix-actuel"><span>1.98€</span></div></div><div class="infos-produit-2"><a title="Voir le produit" href="http://www.refonte.auchandirect.fr/boissons/jus,-softs/sirop-pêches/id1/476/40541"><h2>RIK &amp; ROK</h2><h4>Sirop pêches</h4><h4></h4><p>
75 cl
<br/>
2.64€/l
</p></a></div><div class="mini_picto_bas"><img src="http://www.refonte.auchandirect.fr/static/images/rikrok_small.jpg"/></div></div></div></td><td><!-- PL : ici --><div class="bloc-produit  bientot-dispo"><div class="bloc-produit-content"><a title="Voir le produit" href="http://www.refonte.auchandirect.fr/boissons/jus,-softs/indian-tonic-light/id1/476/100309"><img src="http://www.refonte.auchandirect.fr/static/images/products/line/100309.jpg" alt="" class="produit "/></a><div class="picto"><span class="invisible"></span></div><div class="boutons-produit"><a class="bt-produit-ajout-panier disable" title="Bientôt disponible" href="javascript:void(0)">Bientôt disponible</a><a id="addProductToShoppingList_201" onclick="javascript:Tapestry.waitForPage(event);" title="Ajouter à ma liste" class="bt-produit-ajout-liste" href="http://www.refonte.auchandirect.fr/rayon.productgridorlist.productlist_1.thumbnailproduct_0.addproducttoshoppinglist/100309?t:ac=476">Ajouter à ma liste</a></div><div class="infos-produit-1"><div class="prix-actuel"><span>2.14€</span></div></div><div class="infos-produit-2"><a title="Voir le produit" href="http://www.refonte.auchandirect.fr/boissons/jus,-softs/indian-tonic-light/id1/476/100309"><h2>SCHWEPPES</h2><h4>Indian tonic light</h4><h4>Aux extraits de quinquina</h4><p>
1,5 l
<br/>
1.43€/l
</p></a></div><div class="mini_picto_bas"></div></div></div></td><td><!-- PL : ici --><div class="bloc-produit "><div class="bloc-produit-content"><a title="Voir le produit" href="http://www.refonte.auchandirect.fr/boissons/jus,-softs/boisson-gazeuse-aux-extraits-de-quiquina/id1/476/100853"><img src="http://www.refonte.auchandirect.fr/static/images/products/line/100853.jpg" alt="" class="produit "/></a><div class="picto"><span class="invisible"></span></div><div class="boutons-produit"><a id="addProductToBasket_137" onclick="javascript:Tapestry.waitForPage(event);" title="Ajouter au panier" class="bt-produit-ajout-panier" href="http://www.refonte.auchandirect.fr/rayon.productgridorlist.productlist_1.thumbnailproduct_0.addproducttobasket/100853?t:ac=476">Ajouter au panier</a><a id="addProductToShoppingList_202" onclick="javascript:Tapestry.waitForPage(event);" title="Ajouter à ma liste" class="bt-produit-ajout-liste" href="http://www.refonte.auchandirect.fr/rayon.productgridorlist.productlist_1.thumbnailproduct_0.addproducttoshoppinglist/100853?t:ac=476">Ajouter à ma liste</a></div><div class="infos-produit-1"><div class="prix-actuel"><span>1.93€</span></div></div><div class="infos-produit-2"><a title="Voir le produit" href="http://www.refonte.auchandirect.fr/boissons/jus,-softs/boisson-gazeuse-aux-extraits-de-quiquina/id1/476/100853"><h2>SCHWEPPES</h2><h4>Boisson gazeuse aux extraits de quiquina</h4><h4>Indian Tonic</h4><p>
1,5 l
<br/>
1.29€/l
</p></a></div><div class="mini_picto_bas"></div></div></div></td></tr><tr><td><!-- PL : ici --><div class="bloc-produit "><div class="bloc-produit-content"><a title="Voir le produit" href="http://www.refonte.auchandirect.fr/boissons/jus,-softs/soda-aux-extraits-naturels-de-citron-et-arômes-citron-vert/id1/476/32760"><img src="http://www.refonte.auchandirect.fr/static/images/products/line/32760.jpg" alt="" class="produit "/></a><div class="picto"><span class="invisible"></span></div><div class="boutons-produit"><a id="addProductToBasket_138" onclick="javascript:Tapestry.waitForPage(event);" title="Ajouter au panier" class="bt-produit-ajout-panier" href="http://www.refonte.auchandirect.fr/rayon.productgridorlist.productlist_1.thumbnailproduct_0.addproducttobasket/32760?t:ac=476">Ajouter au panier</a><a id="addProductToShoppingList_203" onclick="javascript:Tapestry.waitForPage(event);" title="Ajouter à ma liste" class="bt-produit-ajout-liste" href="http://www.refonte.auchandirect.fr/rayon.productgridorlist.productlist_1.thumbnailproduct_0.addproducttoshoppinglist/32760?t:ac=476">Ajouter à ma liste</a></div><div class="infos-produit-1"><div class="prix-actuel"><span>2.02€</span></div></div><div class="infos-produit-2"><a title="Voir le produit" href="http://www.refonte.auchandirect.fr/boissons/jus,-softs/soda-aux-extraits-naturels-de-citron-et-arômes-citron-vert/id1/476/32760"><h2>SCHWEPPES</h2><h4>Soda aux extraits naturels de citron et arômes citron vert</h4><h4></h4><p>
1,5 l
<br/>
1.35€/l
</p></a></div><div class="mini_picto_bas"></div></div></div></td><td><!-- PL : ici --><div class="bloc-produit "><div class="bloc-produit-content"><a title="Voir le produit" href="http://www.refonte.auchandirect.fr/boissons/jus,-softs/soda-aux-extraits-naturels-de-citron-aux-édulcorants/id1/476/18110"><img src="http://www.refonte.auchandirect.fr/static/images/products/line/18110.jpg" alt="" class="produit "/></a><div class="picto"><span class="invisible"></span></div><div class="boutons-produit"><a id="addProductToBasket_139" onclick="javascript:Tapestry.waitForPage(event);" title="Ajouter au panier" class="bt-produit-ajout-panier" href="http://www.refonte.auchandirect.fr/rayon.productgridorlist.productlist_1.thumbnailproduct_0.addproducttobasket/18110?t:ac=476">Ajouter au panier</a><a id="addProductToShoppingList_204" onclick="javascript:Tapestry.waitForPage(event);" title="Ajouter à ma liste" class="bt-produit-ajout-liste" href="http://www.refonte.auchandirect.fr/rayon.productgridorlist.productlist_1.thumbnailproduct_0.addproducttoshoppinglist/18110?t:ac=476">Ajouter à ma liste</a></div><div class="infos-produit-1"><div class="prix-actuel"><span>2.09€</span></div></div><div class="infos-produit-2"><a title="Voir le produit" href="http://www.refonte.auchandirect.fr/boissons/jus,-softs/soda-aux-extraits-naturels-de-citron-aux-édulcorants/id1/476/18110"><h2>SCHWEPPES</h2><h4>Soda aux extraits naturels de citron aux édulcorants</h4><h4>Lemon Light</h4><p>
1,5 l
<br/>
1.39€/l
</p></a></div><div class="mini_picto_bas"></div></div></div></td><td><!-- PL : ici --><div class="bloc-produit  bientot-dispo"><div class="bloc-produit-content"><a title="Voir le produit" href="http://www.refonte.auchandirect.fr/boissons/jus,-softs/soda-aux-extraits-naturels-d'orange-et-arômes-d'agrumes/id1/476/5349"><img src="http://www.refonte.auchandirect.fr/static/images/products/line/5349.jpg" alt="" class="produit "/></a><div class="picto"><span class="invisible"></span></div><div class="boutons-produit"><a class="bt-produit-ajout-panier disable" title="Bientôt disponible" href="javascript:void(0)">Bientôt disponible</a><a id="addProductToShoppingList_205" onclick="javascript:Tapestry.waitForPage(event);" title="Ajouter à ma liste" class="bt-produit-ajout-liste" href="http://www.refonte.auchandirect.fr/rayon.productgridorlist.productlist_1.thumbnailproduct_0.addproducttoshoppinglist/5349?t:ac=476">Ajouter à ma liste</a></div><div class="infos-produit-1"><div class="prix-actuel"><span>1.88€</span></div></div><div class="infos-produit-2"><a title="Voir le produit" href="http://www.refonte.auchandirect.fr/boissons/jus,-softs/soda-aux-extraits-naturels-d'orange-et-arômes-d'agrumes/id1/476/5349"><h2>SCHWEPPES</h2><h4>Soda aux extraits naturels d'orange et arômes d'agrumes</h4><h4></h4><p>
1,5 l
<br/>
1.25€/l
</p></a></div><div class="mini_picto_bas"></div></div></div></td></tr><tr><td><!-- PL : ici --><div class="bloc-produit "><div class="bloc-produit-content"><a title="Voir le produit" href="http://www.refonte.auchandirect.fr/boissons/jus,-softs/boisson-gazeuse/id1/476/95833"><img src="http://www.refonte.auchandirect.fr/static/images/products/line/95833.jpg" alt="" class="produit "/></a><div class="picto"><span class="invisible"></span></div><div class="boutons-produit"><a id="addProductToBasket_140" onclick="javascript:Tapestry.waitForPage(event);" title="Ajouter au panier" class="bt-produit-ajout-panier" href="http://www.refonte.auchandirect.fr/rayon.productgridorlist.productlist_1.thumbnailproduct_0.addproducttobasket/95833?t:ac=476">Ajouter au panier</a><a id="addProductToShoppingList_206" onclick="javascript:Tapestry.waitForPage(event);" title="Ajouter à ma liste" class="bt-produit-ajout-liste" href="http://www.refonte.auchandirect.fr/rayon.productgridorlist.productlist_1.thumbnailproduct_0.addproducttoshoppinglist/95833?t:ac=476">Ajouter à ma liste</a></div><div class="infos-produit-1"><div class="prix-actuel"><span>1.93€</span></div></div><div class="infos-produit-2"><a title="Voir le produit" href="http://www.refonte.auchandirect.fr/boissons/jus,-softs/boisson-gazeuse/id1/476/95833"><h2>SCHWEPPES</h2><h4>Boisson gazeuse</h4><h4>Mandarine</h4><p>
1.5 l
<br/>
1.29€/l
</p></a></div><div class="mini_picto_bas"></div></div></div></td><td><!-- PL : ici --><div class="bloc-produit "><div class="bloc-produit-content"><a title="Voir le produit" href="http://www.refonte.auchandirect.fr/boissons/jus,-softs/soda-light-aux-extraits-d'orange-et-arômes-d'agrumes/id1/476/15824"><img src="http://www.refonte.auchandirect.fr/static/images/products/line/15824.jpg" alt="" class="produit "/></a><div class="picto"><span class="invisible"></span></div><div class="boutons-produit"><a id="addProductToBasket_141" onclick="javascript:Tapestry.waitForPage(event);" title="Ajouter au panier" class="bt-produit-ajout-panier" href="http://www.refonte.auchandirect.fr/rayon.productgridorlist.productlist_1.thumbnailproduct_0.addproducttobasket/15824?t:ac=476">Ajouter au panier</a><a id="addProductToShoppingList_207" onclick="javascript:Tapestry.waitForPage(event);" title="Ajouter à ma liste" class="bt-produit-ajout-liste" href="http://www.refonte.auchandirect.fr/rayon.productgridorlist.productlist_1.thumbnailproduct_0.addproducttoshoppinglist/15824?t:ac=476">Ajouter à ma liste</a></div><div class="infos-produit-1"><div class="prix-actuel"><span>3.76€</span></div></div><div class="infos-produit-2"><a title="Voir le produit" href="http://www.refonte.auchandirect.fr/boissons/jus,-softs/soda-light-aux-extraits-d'orange-et-arômes-d'agrumes/id1/476/15824"><h2>SCHWEPPES</h2><h4>Soda light aux extraits d'orange et arômes d'agrumes</h4><h4>Agrum' Light</h4><p>
6 x 33 cl
<br/>
1.90€/l
</p></a></div><div class="mini_picto_bas"></div></div></div></td><td><!-- PL : ici --><div class="bloc-produit "><div class="bloc-produit-content"><a title="Voir le produit" href="http://www.refonte.auchandirect.fr/boissons/jus,-softs/soda-aux-extraits-d'orange-et-arômes-d'agrumes/id1/476/15825"><img src="http://www.refonte.auchandirect.fr/static/images/products/line/15825.jpg" alt="" class="produit "/></a><div class="picto"><span class="invisible"></span></div><div class="boutons-produit"><a id="addProductToBasket_142" onclick="javascript:Tapestry.waitForPage(event);" title="Ajouter au panier" class="bt-produit-ajout-panier" href="http://www.refonte.auchandirect.fr/rayon.productgridorlist.productlist_1.thumbnailproduct_0.addproducttobasket/15825?t:ac=476">Ajouter au panier</a><a id="addProductToShoppingList_208" onclick="javascript:Tapestry.waitForPage(event);" title="Ajouter à ma liste" class="bt-produit-ajout-liste" href="http://www.refonte.auchandirect.fr/rayon.productgridorlist.productlist_1.thumbnailproduct_0.addproducttoshoppinglist/15825?t:ac=476">Ajouter à ma liste</a></div><div class="infos-produit-1"><div class="prix-actuel"><span>3.78€</span></div></div><div class="infos-produit-2"><a title="Voir le produit" href="http://www.refonte.auchandirect.fr/boissons/jus,-softs/soda-aux-extraits-d'orange-et-arômes-d'agrumes/id1/476/15825"><h2>SCHWEPPES</h2><h4>Soda aux extraits d'orange et arômes d'agrumes</h4><h4></h4><p>
33 cl
<br/>
1.91€/l
</p></a></div><div class="mini_picto_bas"></div></div></div></td></tr><tr><td><!-- PL : ici --><div class="bloc-produit "><div class="bloc-produit-content"><a title="Voir le produit" href="http://www.refonte.auchandirect.fr/boissons/jus,-softs/soda-light-aux-extraits-d'orange-et-aromes-d'agrumes/id1/476/16649"><img src="http://www.refonte.auchandirect.fr/static/images/products/line/16649.jpg" alt="" class="produit "/></a><div class="picto"><span class="invisible"></span></div><div class="boutons-produit"><a id="addProductToBasket_143" onclick="javascript:Tapestry.waitForPage(event);" title="Ajouter au panier" class="bt-produit-ajout-panier" href="http://www.refonte.auchandirect.fr/rayon.productgridorlist.productlist_1.thumbnailproduct_0.addproducttobasket/16649?t:ac=476">Ajouter au panier</a><a id="addProductToShoppingList_209" onclick="javascript:Tapestry.waitForPage(event);" title="Ajouter à ma liste" class="bt-produit-ajout-liste" href="http://www.refonte.auchandirect.fr/rayon.productgridorlist.productlist_1.thumbnailproduct_0.addproducttoshoppinglist/16649?t:ac=476">Ajouter à ma liste</a></div><div class="infos-produit-1"><div class="prix-actuel"><span>1.99€</span></div></div><div class="infos-produit-2"><a title="Voir le produit" href="http://www.refonte.auchandirect.fr/boissons/jus,-softs/soda-light-aux-extraits-d'orange-et-aromes-d'agrumes/id1/476/16649"><h2>SCHWEPPES</h2><h4>Soda light aux extraits d'orange et aromes d'agrumes</h4><h4></h4><p>
1,5 l
<br/>
1.33€/l
</p></a></div><div class="mini_picto_bas"></div></div></div></td><td><!-- PL : ici --><div class="bloc-produit "><div class="bloc-produit-content"><a title="Voir le produit" href="http://www.refonte.auchandirect.fr/boissons/jus,-softs/boisson-gazeuse-aux-extraits-de-quiquina,-x-8/id1/476/1506"><img src="http://www.refonte.auchandirect.fr/static/images/products/line/1506.jpg" alt="" class="produit "/></a><div class="picto"><span class="invisible"></span></div><div class="boutons-produit"><a id="addProductToBasket_144" onclick="javascript:Tapestry.waitForPage(event);" title="Ajouter au panier" class="bt-produit-ajout-panier" href="http://www.refonte.auchandirect.fr/rayon.productgridorlist.productlist_1.thumbnailproduct_0.addproducttobasket/1506?t:ac=476">Ajouter au panier</a><a id="addProductToShoppingList_210" onclick="javascript:Tapestry.waitForPage(event);" title="Ajouter à ma liste" class="bt-produit-ajout-liste" href="http://www.refonte.auchandirect.fr/rayon.productgridorlist.productlist_1.thumbnailproduct_0.addproducttoshoppinglist/1506?t:ac=476">Ajouter à ma liste</a></div><div class="infos-produit-1"><div class="prix-actuel"><span>5.44€</span></div></div><div class="infos-produit-2"><a title="Voir le produit" href="http://www.refonte.auchandirect.fr/boissons/jus,-softs/boisson-gazeuse-aux-extraits-de-quiquina,-x-8/id1/476/1506"><h2>SCHWEPPES</h2><h4>Boisson gazeuse aux extraits de quiquina, x 8</h4><h4>Indian tonic</h4><p>
8 x 25 cl
<br/>
2.72€/l
</p></a></div><div class="mini_picto_bas"></div></div></div></td><td><!-- PL : ici --><div class="bloc-produit  bientot-dispo"><div class="bloc-produit-content"><a title="Voir le produit" href="http://www.refonte.auchandirect.fr/boissons/jus,-softs/indian-tonic/id1/476/100845"><img src="http://www.refonte.auchandirect.fr/static/images/products/line/100845.jpg" alt="" class="produit "/></a><div class="picto"><span class="invisible"></span></div><div class="boutons-produit"><a class="bt-produit-ajout-panier disable" title="Bientôt disponible" href="javascript:void(0)">Bientôt disponible</a><a id="addProductToShoppingList_211" onclick="javascript:Tapestry.waitForPage(event);" title="Ajouter à ma liste" class="bt-produit-ajout-liste" href="http://www.refonte.auchandirect.fr/rayon.productgridorlist.productlist_1.thumbnailproduct_0.addproducttoshoppinglist/100845?t:ac=476">Ajouter à ma liste</a></div><div class="infos-produit-1"><div class="prix-actuel"><span>3.87€</span></div></div><div class="infos-produit-2"><a title="Voir le produit" href="http://www.refonte.auchandirect.fr/boissons/jus,-softs/indian-tonic/id1/476/100845"><h2>SCHWEPPES</h2><h4>Indian tonic</h4><h4></h4><p>
6 x 33 cl
<br/>
1.95€/l
</p></a></div><div class="mini_picto_bas"></div></div></div></td></tr><tr><td><!-- PL : ici --><div class="bloc-produit "><div class="bloc-produit-content"><a title="Voir le produit" href="http://www.refonte.auchandirect.fr/boissons/jus,-softs/indian-tonic/id1/476/46885"><img src="http://www.refonte.auchandirect.fr/static/images/products/line/46885.jpg" alt="" class="produit "/></a><div class="picto"><span class="invisible"></span></div><div class="boutons-produit"><a id="addProductToBasket_145" onclick="javascript:Tapestry.waitForPage(event);" title="Ajouter au panier" class="bt-produit-ajout-panier" href="http://www.refonte.auchandirect.fr/rayon.productgridorlist.productlist_1.thumbnailproduct_0.addproducttobasket/46885?t:ac=476">Ajouter au panier</a><a id="addProductToShoppingList_212" onclick="javascript:Tapestry.waitForPage(event);" title="Ajouter à ma liste" class="bt-produit-ajout-liste" href="http://www.refonte.auchandirect.fr/rayon.productgridorlist.productlist_1.thumbnailproduct_0.addproducttoshoppinglist/46885?t:ac=476">Ajouter à ma liste</a></div><div class="infos-produit-1"><div class="prix-actuel"><span>5.37€</span></div></div><div class="infos-produit-2"><a title="Voir le produit" href="http://www.refonte.auchandirect.fr/boissons/jus,-softs/indian-tonic/id1/476/46885"><h2>SCHWEPPES</h2><h4>Indian Tonic</h4><h4></h4><p>
12 x 15 cl
<br/>
2.98€/l
</p></a></div><div class="mini_picto_bas"></div></div></div></td><td><!-- PL : ici --><div class="bloc-produit "><div class="bloc-produit-content"><a title="Voir le produit" href="http://www.refonte.auchandirect.fr/boissons/jus,-softs/boisson-gazeuse/id1/476/100854"><img src="http://www.refonte.auchandirect.fr/static/images/products/line/100854.jpg" alt="" class="produit "/></a><div class="picto"><span class="invisible"></span></div><div class="boutons-produit"><a id="addProductToBasket_146" onclick="javascript:Tapestry.waitForPage(event);" title="Ajouter au panier" class="bt-produit-ajout-panier" href="http://www.refonte.auchandirect.fr/rayon.productgridorlist.productlist_1.thumbnailproduct_0.addproducttobasket/100854?t:ac=476">Ajouter au panier</a><a id="addProductToShoppingList_213" onclick="javascript:Tapestry.waitForPage(event);" title="Ajouter à ma liste" class="bt-produit-ajout-liste" href="http://www.refonte.auchandirect.fr/rayon.productgridorlist.productlist_1.thumbnailproduct_0.addproducttoshoppinglist/100854?t:ac=476">Ajouter à ma liste</a></div><div class="infos-produit-1"><div class="prix-actuel"><span>1.44€</span></div></div><div class="infos-produit-2"><a title="Voir le produit" href="http://www.refonte.auchandirect.fr/boissons/jus,-softs/boisson-gazeuse/id1/476/100854"><h2>SEVEN UP</h2><h4>Boisson gazeuse</h4><h4>Citron et citron vert</h4><p>
1,5 l
<br/>
0.96€/l
</p></a></div><div class="mini_picto_bas"></div></div></div></td><td><!-- PL : ici --><div class="bloc-produit "><div class="bloc-produit-content"><a title="Voir le produit" href="http://www.refonte.auchandirect.fr/boissons/jus,-softs/citron-et-citron-vert/id1/476/49219"><img src="http://www.refonte.auchandirect.fr/static/images/products/line/49219.jpg" alt="" class="produit "/></a><div class="picto"><span class="invisible"></span></div><div class="boutons-produit"><a id="addProductToBasket_147" onclick="javascript:Tapestry.waitForPage(event);" title="Ajouter au panier" class="bt-produit-ajout-panier" href="http://www.refonte.auchandirect.fr/rayon.productgridorlist.productlist_1.thumbnailproduct_0.addproducttobasket/49219?t:ac=476">Ajouter au panier</a><a id="addProductToShoppingList_214" onclick="javascript:Tapestry.waitForPage(event);" title="Ajouter à ma liste" class="bt-produit-ajout-liste" href="http://www.refonte.auchandirect.fr/rayon.productgridorlist.productlist_1.thumbnailproduct_0.addproducttoshoppinglist/49219?t:ac=476">Ajouter à ma liste</a></div><div class="infos-produit-1"><div class="prix-actuel"><span>2.49€</span></div></div><div class="infos-produit-2"><a title="Voir le produit" href="http://www.refonte.auchandirect.fr/boissons/jus,-softs/citron-et-citron-vert/id1/476/49219"><h2>SEVEN UP</h2><h4>Citron et citron vert</h4><h4></h4><p>
6 x 33 cl
<br/>
1.26€/l
</p></a></div><div class="mini_picto_bas"></div></div></div></td></tr><tr><td><!-- PL : ici --><div class="bloc-produit "><div class="bloc-produit-content"><a title="Voir le produit" href="http://www.refonte.auchandirect.fr/boissons/jus,-softs/boisson-gazeuse-au-citron-et-citron-vert-sans-sucre/id1/476/47548"><img src="http://www.refonte.auchandirect.fr/static/images/products/line/47548.jpg" alt="" class="produit "/></a><div class="picto"><span class="invisible"></span></div><div class="boutons-produit"><a id="addProductToBasket_148" onclick="javascript:Tapestry.waitForPage(event);" title="Ajouter au panier" class="bt-produit-ajout-panier" href="http://www.refonte.auchandirect.fr/rayon.productgridorlist.productlist_1.thumbnailproduct_0.addproducttobasket/47548?t:ac=476">Ajouter au panier</a><a id="addProductToShoppingList_215" onclick="javascript:Tapestry.waitForPage(event);" title="Ajouter à ma liste" class="bt-produit-ajout-liste" href="http://www.refonte.auchandirect.fr/rayon.productgridorlist.productlist_1.thumbnailproduct_0.addproducttoshoppinglist/47548?t:ac=476">Ajouter à ma liste</a></div><div class="infos-produit-1"><div class="prix-actuel"><span>1.48€</span></div></div><div class="infos-produit-2"><a title="Voir le produit" href="http://www.refonte.auchandirect.fr/boissons/jus,-softs/boisson-gazeuse-au-citron-et-citron-vert-sans-sucre/id1/476/47548"><h2>SEVEN UP</h2><h4>Boisson gazeuse au citron et citron vert sans sucre</h4><h4>Light</h4><p>
1,5 l
<br/>
0.99€/l
</p></a></div><div class="mini_picto_bas"></div></div></div></td><td><!-- PL : ici --><div class="bloc-produit  bientot-dispo"><div class="bloc-produit-content"><a title="Voir le produit" href="http://www.refonte.auchandirect.fr/boissons/jus,-softs/boisson-gazeuse/id1/476/100988"><img src="http://www.refonte.auchandirect.fr/static/images/products/line/100988.jpg" alt="" class="produit "/></a><div class="picto"><span class="invisible"></span></div><div class="boutons-produit"><a class="bt-produit-ajout-panier disable" title="Bientôt disponible" href="javascript:void(0)">Bientôt disponible</a><a id="addProductToShoppingList_216" onclick="javascript:Tapestry.waitForPage(event);" title="Ajouter à ma liste" class="bt-produit-ajout-liste" href="http://www.refonte.auchandirect.fr/rayon.productgridorlist.productlist_1.thumbnailproduct_0.addproducttoshoppinglist/100988?t:ac=476">Ajouter à ma liste</a></div><div class="infos-produit-1"><div class="prix-actuel"><span>1.47€</span></div></div><div class="infos-produit-2"><a title="Voir le produit" href="http://www.refonte.auchandirect.fr/boissons/jus,-softs/boisson-gazeuse/id1/476/100988"><h2>SPRITE</h2><h4>Boisson gazeuse</h4><h4>Extrait de fruits</h4><p>
1,5 l
<br/>
0.98€/l
</p></a></div><div class="mini_picto_bas"></div></div></div></td><td><!-- PL : ici --><div class="bloc-produit  bientot-dispo"><div class="bloc-produit-content"><a title="Voir le produit" href="../boisson-au-jus-de-fruits-acidul%25C3%25A9e/id1/476/54109.html"><img src="http://www.refonte.auchandirect.fr/static/images/products/line/54109.jpg" alt="" class="produit "/></a><div class="picto"><span class="invisible"></span></div><div class="boutons-produit"><a class="bt-produit-ajout-panier disable" title="Bientôt disponible" href="javascript:void(0)">Bientôt disponible</a><a id="addProductToShoppingList_217" onclick="javascript:Tapestry.waitForPage(event);" title="Ajouter à ma liste" class="bt-produit-ajout-liste" href="http://www.refonte.auchandirect.fr/rayon.productgridorlist.productlist_1.thumbnailproduct_0.addproducttoshoppinglist/54109?t:ac=476">Ajouter à ma liste</a></div><div class="infos-produit-1"><div class="prix-actuel"><span>1.99€</span></div></div><div class="infos-produit-2"><a title="Voir le produit" href="../boisson-au-jus-de-fruits-acidul%25C3%25A9e/id1/476/54109.html"><h2>SUNNY DELIGHT</h2><h4>Boisson au jus de fruits acidulée</h4><h4>Florida</h4><p>
1,25 l
<br/>
1.59€/l
</p></a></div><div class="mini_picto_bas"><img alt="frais" src="http://www.refonte.auchandirect.fr/static/images/frais_small.jpg"/><img src="http://www.refonte.auchandirect.fr/static/images/DLC-garantie-6j_small.jpg"/></div></div></div></td></tr><tr><td><!-- PL : ici --><div class="bloc-produit  bientot-dispo"><div class="bloc-produit-content"><a title="Voir le produit" href="../boisson-au-jus-de-fruits-doux/id1/476/54111.html"><img src="http://www.refonte.auchandirect.fr/static/images/products/line/54111.jpg" alt="" class="produit "/></a><div class="picto"><span class="invisible"></span></div><div class="boutons-produit"><a class="bt-produit-ajout-panier disable" title="Bientôt disponible" href="javascript:void(0)">Bientôt disponible</a><a id="addProductToShoppingList_218" onclick="javascript:Tapestry.waitForPage(event);" title="Ajouter à ma liste" class="bt-produit-ajout-liste" href="http://www.refonte.auchandirect.fr/rayon.productgridorlist.productlist_1.thumbnailproduct_0.addproducttoshoppinglist/54111?t:ac=476">Ajouter à ma liste</a></div><div class="infos-produit-1"><div class="prix-actuel"><span>1.99€</span></div></div><div class="infos-produit-2"><a title="Voir le produit" href="../boisson-au-jus-de-fruits-doux/id1/476/54111.html"><h2>SUNNY DELIGHT</h2><h4>Boisson au jus de fruits doux</h4><h4>California</h4><p>
1,25 l
<br/>
1.59€/l
</p></a></div><div class="mini_picto_bas"><img alt="frais" src="http://www.refonte.auchandirect.fr/static/images/frais_small.jpg"/><img src="http://www.refonte.auchandirect.fr/static/images/DLC-garantie-6j_small.jpg"/></div></div></div></td><td><!-- PL : ici --><div class="bloc-produit "><div class="bloc-produit-content"><a title="Voir le produit" href="http://www.refonte.auchandirect.fr/boissons/jus,-softs/fiz-boisson-gazeuse-rafraîchissante/id1/476/28883"><img src="http://www.refonte.auchandirect.fr/static/images/products/line/28883.jpg" alt="" class="produit "/></a><div class="picto"><span class="invisible"></span></div><div class="boutons-produit"><a id="addProductToBasket_149" onclick="javascript:Tapestry.waitForPage(event);" title="Ajouter au panier" class="bt-produit-ajout-panier" href="http://www.refonte.auchandirect.fr/rayon.productgridorlist.productlist_1.thumbnailproduct_0.addproducttobasket/28883?t:ac=476">Ajouter au panier</a><a id="addProductToShoppingList_219" onclick="javascript:Tapestry.waitForPage(event);" title="Ajouter à ma liste" class="bt-produit-ajout-liste" href="http://www.refonte.auchandirect.fr/rayon.productgridorlist.productlist_1.thumbnailproduct_0.addproducttoshoppinglist/28883?t:ac=476">Ajouter à ma liste</a></div><div class="infos-produit-1"><div class="prix-actuel"><span>1.77€</span></div></div><div class="infos-produit-2"><a title="Voir le produit" href="http://www.refonte.auchandirect.fr/boissons/jus,-softs/fiz-boisson-gazeuse-rafraîchissante/id1/476/28883"><h2>TAILLEFINE</h2><h4>Fiz Boisson gazeuse rafraîchissante</h4><h4>pêche orange</h4><p>
1,5 l
<br/>
1.18€/l
</p></a></div><div class="mini_picto_bas"></div></div></div></td><td><!-- PL : ici --><div class="bloc-produit  bientot-dispo"><div class="bloc-produit-content"><a title="Voir le produit" href="http://www.refonte.auchandirect.fr/boissons/jus,-softs/fiz-boisson-gazeuse-rafraîchissante/id1/476/24009"><img src="http://www.refonte.auchandirect.fr/static/images/products/line/24009.jpg" alt="" class="produit "/></a><div class="picto"><span class="invisible"></span></div><div class="boutons-produit"><a class="bt-produit-ajout-panier disable" title="Bientôt disponible" href="javascript:void(0)">Bientôt disponible</a><a id="addProductToShoppingList_220" onclick="javascript:Tapestry.waitForPage(event);" title="Ajouter à ma liste" class="bt-produit-ajout-liste" href="http://www.refonte.auchandirect.fr/rayon.productgridorlist.productlist_1.thumbnailproduct_0.addproducttoshoppinglist/24009?t:ac=476">Ajouter à ma liste</a></div><div class="infos-produit-1"><div class="prix-actuel"><span>1.76€</span></div></div><div class="infos-produit-2"><a title="Voir le produit" href="http://www.refonte.auchandirect.fr/boissons/jus,-softs/fiz-boisson-gazeuse-rafraîchissante/id1/476/24009"><h2>TAILLEFINE</h2><h4>Fiz Boisson gazeuse rafraîchissante</h4><h4>Citron</h4><p>
1,5 l
<br/>
1.17€/l
</p></a></div><div class="mini_picto_bas"></div></div></div></td></tr><tr><td><!-- PL : ici --><div class="bloc-produit  bientot-dispo"><div class="bloc-produit-content"><a title="Voir le produit" href="http://www.refonte.auchandirect.fr/boissons/jus,-softs/fiz-boisson-gazeuse-rafraîchissante/id1/476/23339"><img src="http://www.refonte.auchandirect.fr/static/images/products/line/23339.jpg" alt="" class="produit "/></a><div class="picto"><span class="invisible"></span></div><div class="boutons-produit"><a class="bt-produit-ajout-panier disable" title="Bientôt disponible" href="javascript:void(0)">Bientôt disponible</a><a id="addProductToShoppingList_221" onclick="javascript:Tapestry.waitForPage(event);" title="Ajouter à ma liste" class="bt-produit-ajout-liste" href="http://www.refonte.auchandirect.fr/rayon.productgridorlist.productlist_1.thumbnailproduct_0.addproducttoshoppinglist/23339?t:ac=476">Ajouter à ma liste</a></div><div class="infos-produit-1"><div class="prix-actuel"><span>1.76€</span></div></div><div class="infos-produit-2"><a title="Voir le produit" href="http://www.refonte.auchandirect.fr/boissons/jus,-softs/fiz-boisson-gazeuse-rafraîchissante/id1/476/23339"><h2>TAILLEFINE</h2><h4>Fiz boisson gazeuse rafraîchissante</h4><h4>Agrumes</h4><p>
1,5 l
<br/>
1.17€/l
</p></a></div><div class="mini_picto_bas"></div></div></div></td><td><!-- PL : ici --><div class="bloc-produit "><div class="bloc-produit-content"><a title="Voir le produit" href="http://www.refonte.auchandirect.fr/boissons/jus,-softs/boisson-gazeuse-au-citron-vert/id1/476/74150"><img src="http://www.refonte.auchandirect.fr/static/images/products/line/74150.jpg" alt="" class="produit "/></a><div class="picto"><span class="invisible"></span></div><div class="boutons-produit"><a id="addProductToBasket_150" onclick="javascript:Tapestry.waitForPage(event);" title="Ajouter au panier" class="bt-produit-ajout-panier" href="http://www.refonte.auchandirect.fr/rayon.productgridorlist.productlist_1.thumbnailproduct_0.addproducttobasket/74150?t:ac=476">Ajouter au panier</a><a id="addProductToShoppingList_222" onclick="javascript:Tapestry.waitForPage(event);" title="Ajouter à ma liste" class="bt-produit-ajout-liste" href="http://www.refonte.auchandirect.fr/rayon.productgridorlist.productlist_1.thumbnailproduct_0.addproducttoshoppinglist/74150?t:ac=476">Ajouter à ma liste</a></div><div class="infos-produit-1"><div class="prix-actuel"><span>1.87€</span></div></div><div class="infos-produit-2"><a title="Voir le produit" href="http://www.refonte.auchandirect.fr/boissons/jus,-softs/boisson-gazeuse-au-citron-vert/id1/476/74150"><h2>TAILLEFINE</h2><h4>Boisson gazeuse au citron vert</h4><h4>Fiz</h4><p>
1.5 l
<br/>
1.25€/l
</p></a></div><div class="mini_picto_bas"></div></div></div></td><td><!-- PL : ici --><div class="bloc-produit "><div class="bloc-produit-content"><a title="Voir le produit" href="http://www.refonte.auchandirect.fr/boissons/jus,-softs/boisson-gazeuse/id1/476/97065"><img src="http://www.refonte.auchandirect.fr/static/images/products/line/97065.jpg" alt="" class="produit "/></a><div class="picto"><span class="invisible"></span></div><div class="boutons-produit"><a id="addProductToBasket_151" onclick="javascript:Tapestry.waitForPage(event);" title="Ajouter au panier" class="bt-produit-ajout-panier" href="http://www.refonte.auchandirect.fr/rayon.productgridorlist.productlist_1.thumbnailproduct_0.addproducttobasket/97065?t:ac=476">Ajouter au panier</a><a id="addProductToShoppingList_223" onclick="javascript:Tapestry.waitForPage(event);" title="Ajouter à ma liste" class="bt-produit-ajout-liste" href="http://www.refonte.auchandirect.fr/rayon.productgridorlist.productlist_1.thumbnailproduct_0.addproducttoshoppinglist/97065?t:ac=476">Ajouter à ma liste</a></div><div class="infos-produit-1"><div class="prix-actuel"><span>1.87€</span></div></div><div class="infos-produit-2"><a title="Voir le produit" href="http://www.refonte.auchandirect.fr/boissons/jus,-softs/boisson-gazeuse/id1/476/97065"><h2>TAILLEFINE</h2><h4>Boisson gazeuse</h4><h4>Orange</h4><p>
1.5 l
<br/>
1.25€/l
</p></a></div><div class="mini_picto_bas"></div></div></div></td></tr><tr><td><!-- PL : ici --><div class="bloc-produit  bientot-dispo"><div class="bloc-produit-content"><a title="Voir le produit" href="http://www.refonte.auchandirect.fr/boissons/jus,-softs/sirop/id1/476/100563"><img src="http://www.refonte.auchandirect.fr/static/images/products/line/100563.jpg" alt="" class="produit "/></a><div class="picto"><span class="invisible"></span></div><div class="boutons-produit"><a class="bt-produit-ajout-panier disable" title="Bientôt disponible" href="javascript:void(0)">Bientôt disponible</a><a id="addProductToShoppingList_224" onclick="javascript:Tapestry.waitForPage(event);" title="Ajouter à ma liste" class="bt-produit-ajout-liste" href="http://www.refonte.auchandirect.fr/rayon.productgridorlist.productlist_1.thumbnailproduct_0.addproducttoshoppinglist/100563?t:ac=476">Ajouter à ma liste</a></div><div class="infos-produit-1"><div class="prix-actuel"><span>2.53€</span></div></div><div class="infos-produit-2"><a title="Voir le produit" href="http://www.refonte.auchandirect.fr/boissons/jus,-softs/sirop/id1/476/100563"><h2>TEISSEIRE</h2><h4>Sirop</h4><h4>Grenadine</h4><p>
75 cl
<br/>
3.37€/l
</p></a></div><div class="mini_picto_bas"></div></div></div></td><td><!-- PL : ici --><div class="bloc-produit "><div class="bloc-produit-content"><a title="Voir le produit" href="http://www.refonte.auchandirect.fr/boissons/jus,-softs/sirop-0-de-sucre/id1/476/45780"><img src="http://www.refonte.auchandirect.fr/static/images/products/line/45780.jpg" alt="" class="produit "/></a><div class="picto"><span class="invisible"></span></div><div class="boutons-produit"><a id="addProductToBasket_152" onclick="javascript:Tapestry.waitForPage(event);" title="Ajouter au panier" class="bt-produit-ajout-panier" href="http://www.refonte.auchandirect.fr/rayon.productgridorlist.productlist_1.thumbnailproduct_0.addproducttobasket/45780?t:ac=476">Ajouter au panier</a><a id="addProductToShoppingList_225" onclick="javascript:Tapestry.waitForPage(event);" title="Ajouter à ma liste" class="bt-produit-ajout-liste" href="http://www.refonte.auchandirect.fr/rayon.productgridorlist.productlist_1.thumbnailproduct_0.addproducttoshoppinglist/45780?t:ac=476">Ajouter à ma liste</a></div><div class="infos-produit-1"><div class="prix-actuel"><span>2.78€</span></div></div><div class="infos-produit-2"><a title="Voir le produit" href="http://www.refonte.auchandirect.fr/boissons/jus,-softs/sirop-0-de-sucre/id1/476/45780"><h2>TEISSEIRE</h2><h4>Sirop 0% de sucre</h4><h4>Grenadine</h4><p>
1 l
<br/>
2.78€/l
</p></a></div><div class="mini_picto_bas"></div></div></div></td><td><!-- PL : ici --><div class="bloc-produit "><div class="bloc-produit-content"><a title="Voir le produit" href="http://www.refonte.auchandirect.fr/boissons/jus,-softs/sirop/id1/476/100564"><img src="http://www.refonte.auchandirect.fr/static/images/products/line/100564.jpg" alt="" class="produit "/></a><div class="picto"><span class="invisible"></span></div><div class="boutons-produit"><a id="addProductToBasket_153" onclick="javascript:Tapestry.waitForPage(event);" title="Ajouter au panier" class="bt-produit-ajout-panier" href="http://www.refonte.auchandirect.fr/rayon.productgridorlist.productlist_1.thumbnailproduct_0.addproducttobasket/100564?t:ac=476">Ajouter au panier</a><a id="addProductToShoppingList_226" onclick="javascript:Tapestry.waitForPage(event);" title="Ajouter à ma liste" class="bt-produit-ajout-liste" href="http://www.refonte.auchandirect.fr/rayon.productgridorlist.productlist_1.thumbnailproduct_0.addproducttoshoppinglist/100564?t:ac=476">Ajouter à ma liste</a></div><div class="infos-produit-1"><div class="prix-actuel"><span>2.64€</span></div></div><div class="infos-produit-2"><a title="Voir le produit" href="http://www.refonte.auchandirect.fr/boissons/jus,-softs/sirop/id1/476/100564"><h2>TEISSEIRE</h2><h4>Sirop</h4><h4>Menthe</h4><p>
75 cl
<br/>
3.52€/l
</p></a></div><div class="mini_picto_bas"></div></div></div></td></tr><tr><td><!-- PL : ici --><div class="bloc-produit "><div class="bloc-produit-content"><a title="Voir le produit" href="http://www.refonte.auchandirect.fr/boissons/jus,-softs/sirop-grenadine-0-/id1/476/92279"><img src="http://www.refonte.auchandirect.fr/static/images/products/line/92279.jpg" alt="" class="produit "/></a><div class="picto"><span class="invisible"></span></div><div class="boutons-produit"><a id="addProductToBasket_154" onclick="javascript:Tapestry.waitForPage(event);" title="Ajouter au panier" class="bt-produit-ajout-panier" href="http://www.refonte.auchandirect.fr/rayon.productgridorlist.productlist_1.thumbnailproduct_0.addproducttobasket/92279?t:ac=476">Ajouter au panier</a><a id="addProductToShoppingList_227" onclick="javascript:Tapestry.waitForPage(event);" title="Ajouter à ma liste" class="bt-produit-ajout-liste" href="http://www.refonte.auchandirect.fr/rayon.productgridorlist.productlist_1.thumbnailproduct_0.addproducttoshoppinglist/92279?t:ac=476">Ajouter à ma liste</a></div><div class="infos-produit-1"><div class="prix-actuel"><span>2.99€</span></div></div><div class="infos-produit-2"><a title="Voir le produit" href="http://www.refonte.auchandirect.fr/boissons/jus,-softs/sirop-grenadine-0-/id1/476/92279"><h2>TEISSEIRE</h2><h4>Sirop grenadine 0%</h4><h4></h4><p>
75 cl
<br/>
3.99€/l
</p></a></div><div class="mini_picto_bas"></div></div></div></td><td><!-- PL : ici --><div class="bloc-produit "><div class="bloc-produit-content"><a title="Voir le produit" href="http://www.refonte.auchandirect.fr/boissons/jus,-softs/sirop-de-framboise/id1/476/92280"><img src="http://www.refonte.auchandirect.fr/static/images/products/line/92280.jpg" alt="" class="produit "/></a><div class="picto"><span class="invisible"></span></div><div class="boutons-produit"><a id="addProductToBasket_155" onclick="javascript:Tapestry.waitForPage(event);" title="Ajouter au panier" class="bt-produit-ajout-panier" href="http://www.refonte.auchandirect.fr/rayon.productgridorlist.productlist_1.thumbnailproduct_0.addproducttobasket/92280?t:ac=476">Ajouter au panier</a><a id="addProductToShoppingList_228" onclick="javascript:Tapestry.waitForPage(event);" title="Ajouter à ma liste" class="bt-produit-ajout-liste" href="http://www.refonte.auchandirect.fr/rayon.productgridorlist.productlist_1.thumbnailproduct_0.addproducttoshoppinglist/92280?t:ac=476">Ajouter à ma liste</a></div><div class="infos-produit-1"><div class="prix-actuel"><span>3.50€</span></div></div><div class="infos-produit-2"><a title="Voir le produit" href="http://www.refonte.auchandirect.fr/boissons/jus,-softs/sirop-de-framboise/id1/476/92280"><h2>TEISSEIRE</h2><h4>Sirop de framboise</h4><h4></h4><p>
60 cl
<br/>
5.83€/l
</p></a></div><div class="mini_picto_bas"></div></div></div></td><td><!-- PL : ici --><div class="bloc-produit "><div class="bloc-produit-content"><a title="Voir le produit" href="http://www.refonte.auchandirect.fr/boissons/jus,-softs/sirop-de-cassis/id1/476/92287"><img src="http://www.refonte.auchandirect.fr/static/images/products/line/92287.jpg" alt="" class="produit "/></a><div class="picto"><span class="invisible"></span></div><div class="boutons-produit"><a id="addProductToBasket_156" onclick="javascript:Tapestry.waitForPage(event);" title="Ajouter au panier" class="bt-produit-ajout-panier" href="http://www.refonte.auchandirect.fr/rayon.productgridorlist.productlist_1.thumbnailproduct_0.addproducttobasket/92287?t:ac=476">Ajouter au panier</a><a id="addProductToShoppingList_229" onclick="javascript:Tapestry.waitForPage(event);" title="Ajouter à ma liste" class="bt-produit-ajout-liste" href="http://www.refonte.auchandirect.fr/rayon.productgridorlist.productlist_1.thumbnailproduct_0.addproducttoshoppinglist/92287?t:ac=476">Ajouter à ma liste</a></div><div class="infos-produit-1"><div class="prix-actuel"><span>3.52€</span></div></div><div class="infos-produit-2"><a title="Voir le produit" href="http://www.refonte.auchandirect.fr/boissons/jus,-softs/sirop-de-cassis/id1/476/92287"><h2>TEISSEIRE</h2><h4>Sirop de cassis</h4><h4></h4><p>
60 cl
<br/>
5.87€/l
</p></a></div><div class="mini_picto_bas"></div></div></div></td></tr><tr><td><!-- PL : ici --><div class="bloc-produit "><div class="bloc-produit-content"><a title="Voir le produit" href="http://www.refonte.auchandirect.fr/boissons/jus,-softs/sirop-de-citron-vert/id1/476/92288"><img src="http://www.refonte.auchandirect.fr/static/images/products/line/92288.jpg" alt="" class="produit "/></a><div class="picto"><span class="invisible"></span></div><div class="boutons-produit"><a id="addProductToBasket_157" onclick="javascript:Tapestry.waitForPage(event);" title="Ajouter au panier" class="bt-produit-ajout-panier" href="http://www.refonte.auchandirect.fr/rayon.productgridorlist.productlist_1.thumbnailproduct_0.addproducttobasket/92288?t:ac=476">Ajouter au panier</a><a id="addProductToShoppingList_230" onclick="javascript:Tapestry.waitForPage(event);" title="Ajouter à ma liste" class="bt-produit-ajout-liste" href="http://www.refonte.auchandirect.fr/rayon.productgridorlist.productlist_1.thumbnailproduct_0.addproducttoshoppinglist/92288?t:ac=476">Ajouter à ma liste</a></div><div class="infos-produit-1"><div class="prix-actuel"><span>3.50€</span></div></div><div class="infos-produit-2"><a title="Voir le produit" href="http://www.refonte.auchandirect.fr/boissons/jus,-softs/sirop-de-citron-vert/id1/476/92288"><h2>TEISSEIRE</h2><h4>sirop de citron vert</h4><h4></h4><p>
60 cl
<br/>
5.83€/l
</p></a></div><div class="mini_picto_bas"></div></div></div></td><td><!-- PL : ici --><div class="bloc-produit "><div class="bloc-produit-content"><a title="Voir le produit" href="http://www.refonte.auchandirect.fr/boissons/jus,-softs/sirop/id1/476/92270"><img src="http://www.refonte.auchandirect.fr/static/images/products/line/92270.jpg" alt="" class="produit "/></a><div class="picto"><span class="invisible"></span></div><div class="boutons-produit"><a id="addProductToBasket_158" onclick="javascript:Tapestry.waitForPage(event);" title="Ajouter au panier" class="bt-produit-ajout-panier" href="http://www.refonte.auchandirect.fr/rayon.productgridorlist.productlist_1.thumbnailproduct_0.addproducttobasket/92270?t:ac=476">Ajouter au panier</a><a id="addProductToShoppingList_231" onclick="javascript:Tapestry.waitForPage(event);" title="Ajouter à ma liste" class="bt-produit-ajout-liste" href="http://www.refonte.auchandirect.fr/rayon.productgridorlist.productlist_1.thumbnailproduct_0.addproducttoshoppinglist/92270?t:ac=476">Ajouter à ma liste</a></div><div class="infos-produit-1"><div class="prix-actuel"><span>3.45€</span></div></div><div class="infos-produit-2"><a title="Voir le produit" href="http://www.refonte.auchandirect.fr/boissons/jus,-softs/sirop/id1/476/92270"><h2>TEISSEIRE</h2><h4>Sirop</h4><h4>Pamplemousse</h4><p>
60 cl
<br/>
57.50€/l
</p></a></div><div class="mini_picto_bas"></div></div></div></td><td><!-- PL : ici --><div class="bloc-produit "><div class="bloc-produit-content"><a title="Voir le produit" href="http://www.refonte.auchandirect.fr/boissons/jus,-softs/sirop-allégé-0-sucres/id1/476/92269"><img src="http://www.refonte.auchandirect.fr/static/images/products/line/92269.jpg" alt="" class="produit "/></a><div class="picto"><span class="invisible"></span></div><div class="boutons-produit"><a id="addProductToBasket_159" onclick="javascript:Tapestry.waitForPage(event);" title="Ajouter au panier" class="bt-produit-ajout-panier" href="http://www.refonte.auchandirect.fr/rayon.productgridorlist.productlist_1.thumbnailproduct_0.addproducttobasket/92269?t:ac=476">Ajouter au panier</a><a id="addProductToShoppingList_232" onclick="javascript:Tapestry.waitForPage(event);" title="Ajouter à ma liste" class="bt-produit-ajout-liste" href="http://www.refonte.auchandirect.fr/rayon.productgridorlist.productlist_1.thumbnailproduct_0.addproducttoshoppinglist/92269?t:ac=476">Ajouter à ma liste</a></div><div class="infos-produit-1"><div class="prix-actuel"><span>3.03€</span></div></div><div class="infos-produit-2"><a title="Voir le produit" href="http://www.refonte.auchandirect.fr/boissons/jus,-softs/sirop-allégé-0-sucres/id1/476/92269"><h2>TEISSEIRE</h2><h4>Sirop allégé 0% sucres</h4><h4>Menthe</h4><p>
75 cl
<br/>
4.04€/l
</p></a></div><div class="mini_picto_bas"></div></div></div></td></tr><tr><td><!-- PL : ici --><div class="bloc-produit "><div class="bloc-produit-content"><a title="Voir le produit" href="http://www.refonte.auchandirect.fr/boissons/jus,-softs/sirop/id1/476/96006"><img src="http://www.refonte.auchandirect.fr/static/images/products/line/96006.jpg" alt="" class="produit "/></a><div class="picto"><span class="invisible"></span></div><div class="boutons-produit"><a id="addProductToBasket_160" onclick="javascript:Tapestry.waitForPage(event);" title="Ajouter au panier" class="bt-produit-ajout-panier" href="http://www.refonte.auchandirect.fr/rayon.productgridorlist.productlist_1.thumbnailproduct_0.addproducttobasket/96006?t:ac=476">Ajouter au panier</a><a id="addProductToShoppingList_233" onclick="javascript:Tapestry.waitForPage(event);" title="Ajouter à ma liste" class="bt-produit-ajout-liste" href="http://www.refonte.auchandirect.fr/rayon.productgridorlist.productlist_1.thumbnailproduct_0.addproducttoshoppinglist/96006?t:ac=476">Ajouter à ma liste</a></div><div class="infos-produit-1"><div class="prix-actuel"><span>3.25€</span></div></div><div class="infos-produit-2"><a title="Voir le produit" href="http://www.refonte.auchandirect.fr/boissons/jus,-softs/sirop/id1/476/96006"><h2>TEISSEIRE</h2><h4>Sirop</h4><h4>Pamplemousse rose</h4><p>
60 cl
<br/>
5.42€/l
</p></a></div><div class="mini_picto_bas"></div></div></div></td><td><!-- PL : ici --><div class="bloc-produit  bientot-dispo"><div class="bloc-produit-content"><a title="Voir le produit" href="../jus-de-raisin---framboise---m%25C3%25BBre---cerise---groseille/id1/476/29101.html"><img src="http://www.refonte.auchandirect.fr/static/images/products/line/29101.jpg" alt="" class="produit "/></a><div class="picto"><span class="invisible"></span></div><div class="boutons-produit"><a class="bt-produit-ajout-panier disable" title="Bientôt disponible" href="javascript:void(0)">Bientôt disponible</a><a id="addProductToShoppingList_234" onclick="javascript:Tapestry.waitForPage(event);" title="Ajouter à ma liste" class="bt-produit-ajout-liste" href="http://www.refonte.auchandirect.fr/rayon.productgridorlist.productlist_1.thumbnailproduct_0.addproducttoshoppinglist/29101?t:ac=476">Ajouter à ma liste</a></div><div class="infos-produit-1"><div class="prix-actuel"><span>3.09€</span></div></div><div class="infos-produit-2"><a title="Voir le produit" href="../jus-de-raisin---framboise---m%25C3%25BBre---cerise---groseille/id1/476/29101.html"><h2>TROPICANA</h2><h4>Jus de raisin - framboise - mûre - cerise - groseille</h4><h4>Pure Premium</h4><p>
1 l
<br/>
3.09€/l
</p></a></div><div class="mini_picto_bas"><img alt="frais" src="http://www.refonte.auchandirect.fr/static/images/frais_small.jpg"/><img src="http://www.refonte.auchandirect.fr/static/images/DLC-garantie-6j_small.jpg"/></div></div></div></td><td><!-- PL : ici --><div class="bloc-produit "><div class="bloc-produit-content"><a title="Voir le produit" href="http://www.refonte.auchandirect.fr/bio-ecolo/boissons-bio/pur-jus-d'oranges-bio-sans-sucres-ajoutés/id1/455/61371"><img src="http://www.refonte.auchandirect.fr/static/images/products/line/61371.jpg" alt="" class="produit "/></a><div class="picto"><span class="invisible"></span></div><div class="boutons-produit"><a id="addProductToBasket_161" onclick="javascript:Tapestry.waitForPage(event);" title="Ajouter au panier" class="bt-produit-ajout-panier" href="http://www.refonte.auchandirect.fr/rayon.productgridorlist.productlist_1.thumbnailproduct_0.addproducttobasket/61371?t:ac=476">Ajouter au panier</a><a id="addProductToShoppingList_235" onclick="javascript:Tapestry.waitForPage(event);" title="Ajouter à ma liste" class="bt-produit-ajout-liste" href="http://www.refonte.auchandirect.fr/rayon.productgridorlist.productlist_1.thumbnailproduct_0.addproducttoshoppinglist/61371?t:ac=476">Ajouter à ma liste</a></div><div class="infos-produit-1"><div class="prix-actuel"><span>3.88€</span></div></div><div class="infos-produit-2"><a title="Voir le produit" href="http://www.refonte.auchandirect.fr/bio-ecolo/boissons-bio/pur-jus-d'oranges-bio-sans-sucres-ajoutés/id1/455/61371"><h2>TROPICANA</h2><h4>Pur jus d'oranges bio sans sucres ajoutés</h4><h4>Récoltes bio</h4><p>
1 l
<br/>
3.88€/l
</p></a></div><div class="mini_picto_bas"><img src="http://www.refonte.auchandirect.fr/static/images/AB_small.jpg"/></div></div></div></td></tr><tr><td><!-- PL : ici --><div class="bloc-produit  bientot-dispo"><div class="bloc-produit-content"><a title="Voir le produit" href="http://www.refonte.auchandirect.fr/boissons/jus,-softs/pur-jus-ruby-breakfast/id1/476/61369"><img src="http://www.refonte.auchandirect.fr/static/images/products/line/61369.jpg" alt="" class="produit "/></a><div class="picto"><span class="invisible"></span></div><div class="boutons-produit"><a class="bt-produit-ajout-panier disable" title="Bientôt disponible" href="javascript:void(0)">Bientôt disponible</a><a id="addProductToShoppingList_236" onclick="javascript:Tapestry.waitForPage(event);" title="Ajouter à ma liste" class="bt-produit-ajout-liste" href="http://www.refonte.auchandirect.fr/rayon.productgridorlist.productlist_1.thumbnailproduct_0.addproducttoshoppinglist/61369?t:ac=476">Ajouter à ma liste</a></div><div class="infos-produit-1"><div class="prix-actuel"><span>2.73€</span></div></div><div class="infos-produit-2"><a title="Voir le produit" href="http://www.refonte.auchandirect.fr/boissons/jus,-softs/pur-jus-ruby-breakfast/id1/476/61369"><h2>TROPICANA</h2><h4>Pur jus Ruby Breakfast</h4><h4>Orange sanguine, pamplemousse</h4><p>
1 l
<br/>
2.73€/l
</p></a></div><div class="mini_picto_bas"></div></div></div></td><td><!-- PL : ici --><div class="bloc-produit "><div class="bloc-produit-content"><a title="Voir le produit" href="http://www.refonte.auchandirect.fr/boissons/jus,-softs/pure-premium-100-pur-jus-d'orange-sans-pulpe/id1/476/100873"><img src="http://www.refonte.auchandirect.fr/static/images/products/line/100873.jpg" alt="" class="produit "/></a><div class="picto"><span class="invisible"></span></div><div class="boutons-produit"><a id="addProductToBasket_162" onclick="javascript:Tapestry.waitForPage(event);" title="Ajouter au panier" class="bt-produit-ajout-panier" href="http://www.refonte.auchandirect.fr/rayon.productgridorlist.productlist_1.thumbnailproduct_0.addproducttobasket/100873?t:ac=476">Ajouter au panier</a><a id="addProductToShoppingList_237" onclick="javascript:Tapestry.waitForPage(event);" title="Ajouter à ma liste" class="bt-produit-ajout-liste" href="http://www.refonte.auchandirect.fr/rayon.productgridorlist.productlist_1.thumbnailproduct_0.addproducttoshoppinglist/100873?t:ac=476">Ajouter à ma liste</a></div><div class="infos-produit-1"><div class="prix-actuel"><span>2.40€</span></div></div><div class="infos-produit-2"><a title="Voir le produit" href="http://www.refonte.auchandirect.fr/boissons/jus,-softs/pure-premium-100-pur-jus-d'orange-sans-pulpe/id1/476/100873"><h2>TROPICANA</h2><h4>Pure premium 100 % pur jus d'orange sans pulpe</h4><h4></h4><p>
1 l
<br/>
2.40€/l
</p></a></div><div class="mini_picto_bas"></div></div></div></td><td><!-- PL : ici --><div class="bloc-produit  bientot-dispo"><div class="bloc-produit-content"><a title="Voir le produit" href="../sanguinello-jus-d'orange-sanguine-avec-pulpe/id1/476/4136.html"><img src="http://www.refonte.auchandirect.fr/static/images/products/line/4136.jpg" alt="" class="produit "/></a><div class="picto"><span class="invisible"></span></div><div class="boutons-produit"><a class="bt-produit-ajout-panier disable" title="Bientôt disponible" href="javascript:void(0)">Bientôt disponible</a><a id="addProductToShoppingList_238" onclick="javascript:Tapestry.waitForPage(event);" title="Ajouter à ma liste" class="bt-produit-ajout-liste" href="http://www.refonte.auchandirect.fr/rayon.productgridorlist.productlist_1.thumbnailproduct_0.addproducttoshoppinglist/4136?t:ac=476">Ajouter à ma liste</a></div><div class="infos-produit-1"><div class="prix-actuel"><span>2.99€</span></div></div><div class="infos-produit-2"><a title="Voir le produit" href="../sanguinello-jus-d'orange-sanguine-avec-pulpe/id1/476/4136.html"><h2>TROPICANA</h2><h4>Sanguinello jus d'orange sanguine avec pulpe</h4><h4>Pure premium</h4><p>
1 l
<br/>
2.99€/l
</p></a></div><div class="mini_picto_bas"><img alt="frais" src="http://www.refonte.auchandirect.fr/static/images/frais_small.jpg"/><img src="http://www.refonte.auchandirect.fr/static/images/DLC-garantie-6j_small.jpg"/></div></div></div></td></tr><tr><td><!-- PL : ici --><div class="bloc-produit  bientot-dispo"><div class="bloc-produit-content"><a title="Voir le produit" href="../pur-jus-d'orange-press%25C3%25A9-avec-pulpe/id1/476/5309.html"><img src="http://www.refonte.auchandirect.fr/static/images/products/line/5309.jpg" alt="" class="produit "/></a><div class="picto"><span class="invisible"></span></div><div class="boutons-produit"><a class="bt-produit-ajout-panier disable" title="Bientôt disponible" href="javascript:void(0)">Bientôt disponible</a><a id="addProductToShoppingList_239" onclick="javascript:Tapestry.waitForPage(event);" title="Ajouter à ma liste" class="bt-produit-ajout-liste" href="http://www.refonte.auchandirect.fr/rayon.productgridorlist.productlist_1.thumbnailproduct_0.addproducttoshoppinglist/5309?t:ac=476">Ajouter à ma liste</a></div><div class="infos-produit-1"><div class="prix-actuel"><span>2.59€</span></div></div><div class="infos-produit-2"><a title="Voir le produit" href="../pur-jus-d'orange-press%25C3%25A9-avec-pulpe/id1/476/5309.html"><h2>TROPICANA</h2><h4>Pur jus d'orange pressé avec pulpe</h4><h4>Pure premium</h4><p>
1 l
<br/>
2.59€/l
</p></a></div><div class="mini_picto_bas"><img alt="frais" src="http://www.refonte.auchandirect.fr/static/images/frais_small.jpg"/><img src="http://www.refonte.auchandirect.fr/static/images/DLC-garantie-6j_small.jpg"/></div></div></div></td><td><!-- PL : ici --><div class="bloc-produit  bientot-dispo"><div class="bloc-produit-content"><a title="Voir le produit" href="../pur-jus-d'orange-avec-pulpe/id1/476/33698.html"><img src="http://www.refonte.auchandirect.fr/static/images/products/line/33698.jpg" alt="" class="produit "/></a><div class="picto"><span class="invisible"></span></div><div class="boutons-produit"><a class="bt-produit-ajout-panier disable" title="Bientôt disponible" href="javascript:void(0)">Bientôt disponible</a><a id="addProductToShoppingList_240" onclick="javascript:Tapestry.waitForPage(event);" title="Ajouter à ma liste" class="bt-produit-ajout-liste" href="http://www.refonte.auchandirect.fr/rayon.productgridorlist.productlist_1.thumbnailproduct_0.addproducttoshoppinglist/33698?t:ac=476">Ajouter à ma liste</a></div><div class="infos-produit-1"><div class="prix-actuel"><span>4.25€</span></div></div><div class="infos-produit-2"><a title="Voir le produit" href="../pur-jus-d'orange-avec-pulpe/id1/476/33698.html"><h2>TROPICANA</h2><h4>Pur jus d'orange avec pulpe</h4><h4>Pure premium</h4><p>
1,75 l
<br/>
2.43€/l
</p></a></div><div class="mini_picto_bas"><img alt="frais" src="http://www.refonte.auchandirect.fr/static/images/frais_small.jpg"/><img src="http://www.refonte.auchandirect.fr/static/images/DLC-garantie-6j_small.jpg"/></div></div></div></td><td><!-- PL : ici --><div class="bloc-produit  bientot-dispo"><div class="bloc-produit-content"><a title="Voir le produit" href="../pur-jus-d'orange-sans-pulpe/id1/476/33700.html"><img src="http://www.refonte.auchandirect.fr/static/images/products/line/33700.jpg" alt="" class="produit "/></a><div class="picto"><span class="invisible"></span></div><div class="boutons-produit"><a class="bt-produit-ajout-panier disable" title="Bientôt disponible" href="javascript:void(0)">Bientôt disponible</a><a id="addProductToShoppingList_241" onclick="javascript:Tapestry.waitForPage(event);" title="Ajouter à ma liste" class="bt-produit-ajout-liste" href="http://www.refonte.auchandirect.fr/rayon.productgridorlist.productlist_1.thumbnailproduct_0.addproducttoshoppinglist/33700?t:ac=476">Ajouter à ma liste</a></div><div class="infos-produit-1"><div class="prix-actuel"><span>2.69€</span></div></div><div class="infos-produit-2"><a title="Voir le produit" href="../pur-jus-d'orange-sans-pulpe/id1/476/33700.html"><h2>TROPICANA</h2><h4>Pur jus d'orange sans pulpe</h4><h4>Pure premium</h4><p>
1 l
<br/>
2.69€/l
</p></a></div><div class="mini_picto_bas"><img alt="frais" src="http://www.refonte.auchandirect.fr/static/images/frais_small.jpg"/><img src="http://www.refonte.auchandirect.fr/static/images/DLC-garantie-6j_small.jpg"/></div></div></div></td></tr><tr><td><!-- PL : ici --><div class="bloc-produit  bientot-dispo"><div class="bloc-produit-content"><a title="Voir le produit" href="../pur-jus-d'orange-avec-pulpe/id1/476/60821.html"><img src="http://www.refonte.auchandirect.fr/static/images/products/line/60821.jpg" alt="" class="produit "/></a><div class="picto"><span class="invisible"></span></div><div class="boutons-produit"><a class="bt-produit-ajout-panier disable" title="Bientôt disponible" href="javascript:void(0)">Bientôt disponible</a><a id="addProductToShoppingList_242" onclick="javascript:Tapestry.waitForPage(event);" title="Ajouter à ma liste" class="bt-produit-ajout-liste" href="http://www.refonte.auchandirect.fr/rayon.productgridorlist.productlist_1.thumbnailproduct_0.addproducttoshoppinglist/60821?t:ac=476">Ajouter à ma liste</a></div><div class="infos-produit-1"><div class="prix-actuel"><span>2.40€</span></div></div><div class="infos-produit-2"><a title="Voir le produit" href="../pur-jus-d'orange-avec-pulpe/id1/476/60821.html"><h2>TROPICANA</h2><h4>Pur jus d'orange avec pulpe</h4><h4>Pure premium</h4><p>
85 cl
<br/>
2.82€/l
</p></a></div><div class="mini_picto_bas"><img alt="frais" src="http://www.refonte.auchandirect.fr/static/images/frais_small.jpg"/><img src="http://www.refonte.auchandirect.fr/static/images/DLC-garantie-6j_small.jpg"/></div></div></div></td><td><!-- PL : ici --><div class="bloc-produit "><div class="bloc-produit-content"><a title="Voir le produit" href="http://www.refonte.auchandirect.fr/boissons/jus,-softs/pur-jus-d'orange-sans-pulpe/id1/476/58897"><img src="http://www.refonte.auchandirect.fr/static/images/products/line/58897.jpg" alt="" class="produit "/></a><div class="picto"><span class="invisible"></span></div><div class="boutons-produit"><a id="addProductToBasket_163" onclick="javascript:Tapestry.waitForPage(event);" title="Ajouter au panier" class="bt-produit-ajout-panier" href="http://www.refonte.auchandirect.fr/rayon.productgridorlist.productlist_1.thumbnailproduct_0.addproducttobasket/58897?t:ac=476">Ajouter au panier</a><a id="addProductToShoppingList_243" onclick="javascript:Tapestry.waitForPage(event);" title="Ajouter à ma liste" class="bt-produit-ajout-liste" href="http://www.refonte.auchandirect.fr/rayon.productgridorlist.productlist_1.thumbnailproduct_0.addproducttoshoppinglist/58897?t:ac=476">Ajouter à ma liste</a></div><div class="infos-produit-1"><div class="prix-actuel"><span>2.50€</span></div></div><div class="infos-produit-2"><a title="Voir le produit" href="http://www.refonte.auchandirect.fr/boissons/jus,-softs/pur-jus-d'orange-sans-pulpe/id1/476/58897"><h2>TROPICANA</h2><h4>Pur jus d'orange sans pulpe</h4><h4></h4><p>
1 l
<br/>
2.50€/l
</p></a></div><div class="mini_picto_bas"></div></div></div></td><td><!-- PL : ici --><div class="bloc-produit "><div class="bloc-produit-content"><a title="Voir le produit" href="http://www.refonte.auchandirect.fr/boissons/jus,-softs/pure-premium,-jus-d'orange-sans-pulpe/id1/476/18087"><img src="http://www.refonte.auchandirect.fr/static/images/products/line/18087.jpg" alt="" class="produit "/></a><div class="picto"><span class="invisible"></span></div><div class="boutons-produit"><a id="addProductToBasket_164" onclick="javascript:Tapestry.waitForPage(event);" title="Ajouter au panier" class="bt-produit-ajout-panier" href="http://www.refonte.auchandirect.fr/rayon.productgridorlist.productlist_1.thumbnailproduct_0.addproducttobasket/18087?t:ac=476">Ajouter au panier</a><a id="addProductToShoppingList_244" onclick="javascript:Tapestry.waitForPage(event);" title="Ajouter à ma liste" class="bt-produit-ajout-liste" href="http://www.refonte.auchandirect.fr/rayon.productgridorlist.productlist_1.thumbnailproduct_0.addproducttoshoppinglist/18087?t:ac=476">Ajouter à ma liste</a></div><div class="infos-produit-1"><div class="prix-actuel"><span>3.42€</span></div></div><div class="infos-produit-2"><a title="Voir le produit" href="http://www.refonte.auchandirect.fr/boissons/jus,-softs/pure-premium,-jus-d'orange-sans-pulpe/id1/476/18087"><h2>TROPICANA</h2><h4>Pure Premium, jus d'orange sans pulpe</h4><h4></h4><p>
1,5 l
<br/>
2.28€/l
</p></a></div><div class="mini_picto_bas"></div></div></div></td></tr><tr><td><!-- PL : ici --><div class="bloc-produit "><div class="bloc-produit-content"><a title="Voir le produit" href="http://www.refonte.auchandirect.fr/boissons/jus,-softs/pure-premium-jus-d'orange-avec-pulpe/id1/476/48339"><img src="http://www.refonte.auchandirect.fr/static/images/products/line/48339.jpg" alt="" class="produit "/></a><div class="picto"><span class="invisible"></span></div><div class="boutons-produit"><a id="addProductToBasket_165" onclick="javascript:Tapestry.waitForPage(event);" title="Ajouter au panier" class="bt-produit-ajout-panier" href="http://www.refonte.auchandirect.fr/rayon.productgridorlist.productlist_1.thumbnailproduct_0.addproducttobasket/48339?t:ac=476">Ajouter au panier</a><a id="addProductToShoppingList_245" onclick="javascript:Tapestry.waitForPage(event);" title="Ajouter à ma liste" class="bt-produit-ajout-liste" href="http://www.refonte.auchandirect.fr/rayon.productgridorlist.productlist_1.thumbnailproduct_0.addproducttoshoppinglist/48339?t:ac=476">Ajouter à ma liste</a></div><div class="infos-produit-1"><div class="prix-actuel"><span>4.08€</span></div></div><div class="infos-produit-2"><a title="Voir le produit" href="http://www.refonte.auchandirect.fr/boissons/jus,-softs/pure-premium-jus-d'orange-avec-pulpe/id1/476/48339"><h2>TROPICANA</h2><h4>Pure premium jus d'orange avec pulpe</h4><h4></h4><p>
2 x 1 l
<br/>
2.04€/l
</p></a></div><div class="mini_picto_bas"></div></div></div></td><td><!-- PL : ici --><div class="bloc-produit "><div class="bloc-produit-content"><a title="Voir le produit" href="http://www.refonte.auchandirect.fr/boissons/jus,-softs/pur-jus-d'orange-sans-pulpe/id1/476/28720"><img src="http://www.refonte.auchandirect.fr/static/images/products/line/28720.jpg" alt="" class="produit "/></a><div class="picto"><span class="invisible"></span></div><div class="boutons-produit"><a id="addProductToBasket_166" onclick="javascript:Tapestry.waitForPage(event);" title="Ajouter au panier" class="bt-produit-ajout-panier" href="http://www.refonte.auchandirect.fr/rayon.productgridorlist.productlist_1.thumbnailproduct_0.addproducttobasket/28720?t:ac=476">Ajouter au panier</a><a id="addProductToShoppingList_246" onclick="javascript:Tapestry.waitForPage(event);" title="Ajouter à ma liste" class="bt-produit-ajout-liste" href="http://www.refonte.auchandirect.fr/rayon.productgridorlist.productlist_1.thumbnailproduct_0.addproducttoshoppinglist/28720?t:ac=476">Ajouter à ma liste</a></div><div class="infos-produit-1"><div class="prix-actuel"><span>5.95€</span></div></div><div class="infos-produit-2"><a title="Voir le produit" href="http://www.refonte.auchandirect.fr/boissons/jus,-softs/pur-jus-d'orange-sans-pulpe/id1/476/28720"><h2>TROPICANA</h2><h4>Pur jus d'orange sans pulpe</h4><h4>OFFRE SPECIALE</h4><p>
2 x 1,5 l
<br/>
1.98€/l
</p></a></div><div class="mini_picto_bas"></div></div></div></td><td><!-- PL : ici --><div class="bloc-produit "><div class="bloc-produit-content"><a title="Voir le produit" href="http://www.refonte.auchandirect.fr/boissons/jus,-softs/pure-premium-jus-d'orange-sans-pulpe/id1/476/59658"><img src="http://www.refonte.auchandirect.fr/static/images/products/line/59658.jpg" alt="" class="produit "/></a><div class="picto"><span class="invisible"></span></div><div class="boutons-produit"><a id="addProductToBasket_167" onclick="javascript:Tapestry.waitForPage(event);" title="Ajouter au panier" class="bt-produit-ajout-panier" href="http://www.refonte.auchandirect.fr/rayon.productgridorlist.productlist_1.thumbnailproduct_0.addproducttobasket/59658?t:ac=476">Ajouter au panier</a><a id="addProductToShoppingList_247" onclick="javascript:Tapestry.waitForPage(event);" title="Ajouter à ma liste" class="bt-produit-ajout-liste" href="http://www.refonte.auchandirect.fr/rayon.productgridorlist.productlist_1.thumbnailproduct_0.addproducttoshoppinglist/59658?t:ac=476">Ajouter à ma liste</a></div><div class="infos-produit-1"><div class="prix-actuel"><span>4.42€</span></div></div><div class="infos-produit-2"><a title="Voir le produit" href="http://www.refonte.auchandirect.fr/boissons/jus,-softs/pure-premium-jus-d'orange-sans-pulpe/id1/476/59658"><h2>TROPICANA</h2><h4>Pure Premium jus d'orange sans pulpe</h4><h4></h4><p>
2 x 1l
<br/>
2.21€/l
</p></a></div><div class="mini_picto_bas"></div></div></div></td></tr><tr><td><!-- PL : ici --><div class="bloc-produit  bientot-dispo"><div class="bloc-produit-content"><a title="Voir le produit" href="../pur-jus-de-pamplemousse-rose/id1/476/4138.html"><img src="http://www.refonte.auchandirect.fr/static/images/products/line/4138.jpg" alt="" class="produit "/></a><div class="picto"><span class="invisible"></span></div><div class="boutons-produit"><a class="bt-produit-ajout-panier disable" title="Bientôt disponible" href="javascript:void(0)">Bientôt disponible</a><a id="addProductToShoppingList_248" onclick="javascript:Tapestry.waitForPage(event);" title="Ajouter à ma liste" class="bt-produit-ajout-liste" href="http://www.refonte.auchandirect.fr/rayon.productgridorlist.productlist_1.thumbnailproduct_0.addproducttoshoppinglist/4138?t:ac=476">Ajouter à ma liste</a></div><div class="infos-produit-1"><div class="prix-actuel"><span>2.79€</span></div></div><div class="infos-produit-2"><a title="Voir le produit" href="../pur-jus-de-pamplemousse-rose/id1/476/4138.html"><h2>TROPICANA</h2><h4>Pur jus de pamplemousse rose</h4><h4>Pure premium</h4><p>
1 l
<br/>
2.79€/l
</p></a></div><div class="mini_picto_bas"><img alt="frais" src="http://www.refonte.auchandirect.fr/static/images/frais_small.jpg"/><img src="http://www.refonte.auchandirect.fr/static/images/DLC-garantie-6j_small.jpg"/></div></div></div></td><td><!-- PL : ici --><div class="bloc-produit "><div class="bloc-produit-content"><a title="Voir le produit" href="http://www.refonte.auchandirect.fr/boissons/jus,-softs/pur-jus-de-clementine/id1/476/61008"><img src="http://www.refonte.auchandirect.fr/static/images/products/line/61008.jpg" alt="" class="produit "/></a><div class="picto"><span class="invisible"></span></div><div class="boutons-produit"><a id="addProductToBasket_168" onclick="javascript:Tapestry.waitForPage(event);" title="Ajouter au panier" class="bt-produit-ajout-panier" href="http://www.refonte.auchandirect.fr/rayon.productgridorlist.productlist_1.thumbnailproduct_0.addproducttobasket/61008?t:ac=476">Ajouter au panier</a><a id="addProductToShoppingList_249" onclick="javascript:Tapestry.waitForPage(event);" title="Ajouter à ma liste" class="bt-produit-ajout-liste" href="http://www.refonte.auchandirect.fr/rayon.productgridorlist.productlist_1.thumbnailproduct_0.addproducttoshoppinglist/61008?t:ac=476">Ajouter à ma liste</a></div><div class="infos-produit-1"><div class="prix-actuel"><span>2.79€</span></div></div><div class="infos-produit-2"><a title="Voir le produit" href="http://www.refonte.auchandirect.fr/boissons/jus,-softs/pur-jus-de-clementine/id1/476/61008"><h2>TROPICANA</h2><h4>Pur jus de clementine</h4><h4></h4><p>
1 l
<br/>
2.79€/l
</p></a></div><div class="mini_picto_bas"></div></div></div></td><td><!-- PL : ici --><div class="bloc-produit "><div class="bloc-produit-content"><a title="Voir le produit" href="http://www.refonte.auchandirect.fr/boissons/jus,-softs/jus-de-pamplemousse/id1/476/60027"><img src="http://www.refonte.auchandirect.fr/static/images/products/line/60027.jpg" alt="" class="produit "/></a><div class="picto"><span class="invisible"></span></div><div class="boutons-produit"><a id="addProductToBasket_169" onclick="javascript:Tapestry.waitForPage(event);" title="Ajouter au panier" class="bt-produit-ajout-panier" href="http://www.refonte.auchandirect.fr/rayon.productgridorlist.productlist_1.thumbnailproduct_0.addproducttobasket/60027?t:ac=476">Ajouter au panier</a><a id="addProductToShoppingList_250" onclick="javascript:Tapestry.waitForPage(event);" title="Ajouter à ma liste" class="bt-produit-ajout-liste" href="http://www.refonte.auchandirect.fr/rayon.productgridorlist.productlist_1.thumbnailproduct_0.addproducttoshoppinglist/60027?t:ac=476">Ajouter à ma liste</a></div><div class="infos-produit-1"><div class="prix-actuel"><span>2.63€</span></div></div><div class="infos-produit-2"><a title="Voir le produit" href="http://www.refonte.auchandirect.fr/boissons/jus,-softs/jus-de-pamplemousse/id1/476/60027"><h2>TROPICANA</h2><h4>Jus de pamplemousse</h4><h4>Rose</h4><p>
1 l
<br/>
2.63€/l
</p></a></div><div class="mini_picto_bas"></div></div></div></td></tr><tr><td><!-- PL : ici --><div class="bloc-produit "><div class="bloc-produit-content"><a title="Voir le produit" href="http://www.refonte.auchandirect.fr/bio-ecolo/boissons-bio/pur-jus-de-pommes-bio-sans-sucres-ajoutés/id1/455/61370"><img src="http://www.refonte.auchandirect.fr/static/images/products/line/61370.jpg" alt="" class="produit "/></a><div class="picto"><span class="invisible"></span></div><div class="boutons-produit"><a id="addProductToBasket_170" onclick="javascript:Tapestry.waitForPage(event);" title="Ajouter au panier" class="bt-produit-ajout-panier" href="http://www.refonte.auchandirect.fr/rayon.productgridorlist.productlist_1.thumbnailproduct_0.addproducttobasket/61370?t:ac=476">Ajouter au panier</a><a id="addProductToShoppingList_251" onclick="javascript:Tapestry.waitForPage(event);" title="Ajouter à ma liste" class="bt-produit-ajout-liste" href="http://www.refonte.auchandirect.fr/rayon.productgridorlist.productlist_1.thumbnailproduct_0.addproducttoshoppinglist/61370?t:ac=476">Ajouter à ma liste</a></div><div class="infos-produit-1"><div class="prix-actuel"><span>2.57€</span></div></div><div class="infos-produit-2"><a title="Voir le produit" href="http://www.refonte.auchandirect.fr/bio-ecolo/boissons-bio/pur-jus-de-pommes-bio-sans-sucres-ajoutés/id1/455/61370"><h2>TROPICANA</h2><h4>Pur jus de pommes bio sans sucres ajoutés</h4><h4>Récoltes bio</h4><p>
1 l
<br/>
2.57€/l
</p></a></div><div class="mini_picto_bas"><img src="http://www.refonte.auchandirect.fr/static/images/AB_small.jpg"/></div></div></div></td><td><!-- PL : ici --><div class="bloc-produit "><div class="bloc-produit-content"><a title="Voir le produit" href="http://www.refonte.auchandirect.fr/boissons/jus,-softs/pure-premium-jus-de-pomme-douce/id1/476/46186"><img src="http://www.refonte.auchandirect.fr/static/images/products/line/46186.jpg" alt="" class="produit "/></a><div class="picto"><span class="invisible"></span></div><div class="boutons-produit"><a id="addProductToBasket_171" onclick="javascript:Tapestry.waitForPage(event);" title="Ajouter au panier" class="bt-produit-ajout-panier" href="http://www.refonte.auchandirect.fr/rayon.productgridorlist.productlist_1.thumbnailproduct_0.addproducttobasket/46186?t:ac=476">Ajouter au panier</a><a id="addProductToShoppingList_252" onclick="javascript:Tapestry.waitForPage(event);" title="Ajouter à ma liste" class="bt-produit-ajout-liste" href="http://www.refonte.auchandirect.fr/rayon.productgridorlist.productlist_1.thumbnailproduct_0.addproducttoshoppinglist/46186?t:ac=476">Ajouter à ma liste</a></div><div class="infos-produit-1"><div class="prix-actuel"><span>2.39€</span></div></div><div class="infos-produit-2"><a title="Voir le produit" href="http://www.refonte.auchandirect.fr/boissons/jus,-softs/pure-premium-jus-de-pomme-douce/id1/476/46186"><h2>TROPICANA</h2><h4>Pure premium jus de pomme douce</h4><h4></h4><p>
1 l
<br/>
2.39€/l
</p></a></div><div class="mini_picto_bas"></div></div></div></td><td><!-- PL : ici --><div class="bloc-produit  bientot-dispo"><div class="bloc-produit-content"><a title="Voir le produit" href="http://www.refonte.auchandirect.fr/bio-ecolo/boissons-bio/pur-jus-de-raisin-bio/id1/455/78276"><img src="http://www.refonte.auchandirect.fr/static/images/products/line/78276.jpg" alt="" class="produit "/></a><div class="picto"><span class="invisible"></span></div><div class="boutons-produit"><a class="bt-produit-ajout-panier disable" title="Bientôt disponible" href="javascript:void(0)">Bientôt disponible</a><a id="addProductToShoppingList_253" onclick="javascript:Tapestry.waitForPage(event);" title="Ajouter à ma liste" class="bt-produit-ajout-liste" href="http://www.refonte.auchandirect.fr/rayon.productgridorlist.productlist_1.thumbnailproduct_0.addproducttoshoppinglist/78276?t:ac=476">Ajouter à ma liste</a></div><div class="infos-produit-1"><div class="prix-actuel"><span>2.98€</span></div></div><div class="infos-produit-2"><a title="Voir le produit" href="http://www.refonte.auchandirect.fr/bio-ecolo/boissons-bio/pur-jus-de-raisin-bio/id1/455/78276"><h2>TROPICANA</h2><h4>Pur jus de raisin bio</h4><h4>Récoltes bio</h4><p>
1 l
<br/>
2.98€/l
</p></a></div><div class="mini_picto_bas"><img src="http://www.refonte.auchandirect.fr/static/images/AB_small.jpg"/></div></div></div></td></tr><tr><td><!-- PL : ici --><div class="bloc-produit  bientot-dispo"><div class="bloc-produit-content"><a title="Voir le produit" href="../jus-de-fruit-orange,-pamplemousse-rose-et-orange-sanguine/id1/476/6725.html"><img src="http://www.refonte.auchandirect.fr/static/images/products/line/6725.jpg" alt="" class="produit "/></a><div class="picto"><span class="invisible"></span></div><div class="boutons-produit"><a class="bt-produit-ajout-panier disable" title="Bientôt disponible" href="javascript:void(0)">Bientôt disponible</a><a id="addProductToShoppingList_254" onclick="javascript:Tapestry.waitForPage(event);" title="Ajouter à ma liste" class="bt-produit-ajout-liste" href="http://www.refonte.auchandirect.fr/rayon.productgridorlist.productlist_1.thumbnailproduct_0.addproducttoshoppinglist/6725?t:ac=476">Ajouter à ma liste</a></div><div class="infos-produit-1"><div class="prix-actuel"><span>2.79€</span></div></div><div class="infos-produit-2"><a title="Voir le produit" href="../jus-de-fruit-orange,-pamplemousse-rose-et-orange-sanguine/id1/476/6725.html"><h2>TROPICANA</h2><h4>Jus de fruit orange, pamplemousse rose et orange sanguine</h4><h4>Pure Premium Ruby breakfast</h4><p>
1 l
<br/>
2.79€/l
</p></a></div><div class="mini_picto_bas"><img alt="frais" src="http://www.refonte.auchandirect.fr/static/images/frais_small.jpg"/><img src="http://www.refonte.auchandirect.fr/static/images/DLC-garantie-6j_small.jpg"/></div></div></div></td><td><!-- PL : ici --><div class="bloc-produit  bientot-dispo"><div class="bloc-produit-content"><a title="Voir le produit" href="../r%25C3%25A9veil-fruit%25C3%25A9-jus-d'orange-mandarine-et-raisin-blanc/id1/476/6724.html"><img src="http://www.refonte.auchandirect.fr/static/images/products/line/6724.jpg" alt="" class="produit "/></a><div class="picto"><span class="invisible"></span></div><div class="boutons-produit"><a class="bt-produit-ajout-panier disable" title="Bientôt disponible" href="javascript:void(0)">Bientôt disponible</a><a id="addProductToShoppingList_255" onclick="javascript:Tapestry.waitForPage(event);" title="Ajouter à ma liste" class="bt-produit-ajout-liste" href="http://www.refonte.auchandirect.fr/rayon.productgridorlist.productlist_1.thumbnailproduct_0.addproducttoshoppinglist/6724?t:ac=476">Ajouter à ma liste</a></div><div class="infos-produit-1"><div class="prix-actuel"><span>2.79€</span></div></div><div class="infos-produit-2"><a title="Voir le produit" href="../r%25C3%25A9veil-fruit%25C3%25A9-jus-d'orange-mandarine-et-raisin-blanc/id1/476/6724.html"><h2>TROPICANA</h2><h4>Réveil fruité jus d'orange mandarine et raisin blanc</h4><h4>Pure premium</h4><p>
1 l
<br/>
2.79€/l
</p></a></div><div class="mini_picto_bas"><img alt="frais" src="http://www.refonte.auchandirect.fr/static/images/frais_small.jpg"/><img src="http://www.refonte.auchandirect.fr/static/images/DLC-garantie-6j_small.jpg"/></div></div></div></td><td><!-- PL : ici --><div class="bloc-produit  bientot-dispo"><div class="bloc-produit-content"><a title="Voir le produit" href="../pur-jus-d'orange---de-citron---d'orange-sanguine/id1/476/22454.html"><img src="http://www.refonte.auchandirect.fr/static/images/products/line/22454.jpg" alt="" class="produit "/></a><div class="picto"><span class="invisible"></span></div><div class="boutons-produit"><a class="bt-produit-ajout-panier disable" title="Bientôt disponible" href="javascript:void(0)">Bientôt disponible</a><a id="addProductToShoppingList_256" onclick="javascript:Tapestry.waitForPage(event);" title="Ajouter à ma liste" class="bt-produit-ajout-liste" href="http://www.refonte.auchandirect.fr/rayon.productgridorlist.productlist_1.thumbnailproduct_0.addproducttoshoppinglist/22454?t:ac=476">Ajouter à ma liste</a></div><div class="infos-produit-1"><div class="prix-actuel"><span>3.07€</span></div></div><div class="infos-produit-2"><a title="Voir le produit" href="../pur-jus-d'orange---de-citron---d'orange-sanguine/id1/476/22454.html"><h2>TROPICANA</h2><h4>Pur jus d'orange - de citron - d'orange sanguine</h4><h4>Pure premium tonic breakfast</h4><p>
1l
<br/>
3.07€/l
</p></a></div><div class="mini_picto_bas"><img alt="frais" src="http://www.refonte.auchandirect.fr/static/images/frais_small.jpg"/><img src="http://www.refonte.auchandirect.fr/static/images/DLC-garantie-6j_small.jpg"/></div></div></div></td></tr><tr><td><!-- PL : ici --><div class="bloc-produit  bientot-dispo"><div class="bloc-produit-content"><a title="Voir le produit" href="../multivitamin%25C3%25A9-jus-de-12-fruits-press%25C3%25A9s/id1/476/4139.html"><img src="http://www.refonte.auchandirect.fr/static/images/products/line/4139.jpg" alt="" class="produit "/></a><div class="picto"><span class="invisible"></span></div><div class="boutons-produit"><a class="bt-produit-ajout-panier disable" title="Bientôt disponible" href="javascript:void(0)">Bientôt disponible</a><a id="addProductToShoppingList_257" onclick="javascript:Tapestry.waitForPage(event);" title="Ajouter à ma liste" class="bt-produit-ajout-liste" href="http://www.refonte.auchandirect.fr/rayon.productgridorlist.productlist_1.thumbnailproduct_0.addproducttoshoppinglist/4139?t:ac=476">Ajouter à ma liste</a></div><div class="infos-produit-1"><div class="prix-actuel"><span>2.79€</span></div></div><div class="infos-produit-2"><a title="Voir le produit" href="../multivitamin%25C3%25A9-jus-de-12-fruits-press%25C3%25A9s/id1/476/4139.html"><h2>TROPICANA</h2><h4>Multivitaminé jus de 12 fruits pressés</h4><h4>Essentiels</h4><p>
1 l
<br/>
2.79€/l
</p></a></div><div class="mini_picto_bas"><img alt="frais" src="http://www.refonte.auchandirect.fr/static/images/frais_small.jpg"/><img src="http://www.refonte.auchandirect.fr/static/images/DLC-garantie-6j_small.jpg"/></div></div></div></td><td><!-- PL : ici --><div class="bloc-produit "><div class="bloc-produit-content"><a title="Voir le produit" href="http://www.refonte.auchandirect.fr/boissons/jus,-softs/essentiels-pur-jus-multivitaminé/id1/476/23680"><img src="http://www.refonte.auchandirect.fr/static/images/products/line/23680.jpg" alt="" class="produit "/></a><div class="picto"><span class="invisible"></span></div><div class="boutons-produit"><a id="addProductToBasket_172" onclick="javascript:Tapestry.waitForPage(event);" title="Ajouter au panier" class="bt-produit-ajout-panier" href="http://www.refonte.auchandirect.fr/rayon.productgridorlist.productlist_1.thumbnailproduct_0.addproducttobasket/23680?t:ac=476">Ajouter au panier</a><a id="addProductToShoppingList_258" onclick="javascript:Tapestry.waitForPage(event);" title="Ajouter à ma liste" class="bt-produit-ajout-liste" href="http://www.refonte.auchandirect.fr/rayon.productgridorlist.productlist_1.thumbnailproduct_0.addproducttoshoppinglist/23680?t:ac=476">Ajouter à ma liste</a></div><div class="infos-produit-1"><div class="prix-actuel"><span>3.95€</span></div></div><div class="infos-produit-2"><a title="Voir le produit" href="http://www.refonte.auchandirect.fr/boissons/jus,-softs/essentiels-pur-jus-multivitaminé/id1/476/23680"><h2>TROPICANA</h2><h4>Essentiels pur jus multivitaminé</h4><h4></h4><p>
1,5 l
<br/>
2.63€/l
</p></a></div><div class="mini_picto_bas"></div></div></div></td><td><!-- PL : ici --><div class="bloc-produit "><div class="bloc-produit-content"><a title="Voir le produit" href="http://www.refonte.auchandirect.fr/boissons/jus,-softs/pure-premium-multivitaminé/id1/476/57992"><img src="http://www.refonte.auchandirect.fr/static/images/products/line/57992.jpg" alt="" class="produit "/></a><div class="picto"><span class="invisible"></span></div><div class="boutons-produit"><a id="addProductToBasket_173" onclick="javascript:Tapestry.waitForPage(event);" title="Ajouter au panier" class="bt-produit-ajout-panier" href="http://www.refonte.auchandirect.fr/rayon.productgridorlist.productlist_1.thumbnailproduct_0.addproducttobasket/57992?t:ac=476">Ajouter au panier</a><a id="addProductToShoppingList_259" onclick="javascript:Tapestry.waitForPage(event);" title="Ajouter à ma liste" class="bt-produit-ajout-liste" href="http://www.refonte.auchandirect.fr/rayon.productgridorlist.productlist_1.thumbnailproduct_0.addproducttoshoppinglist/57992?t:ac=476">Ajouter à ma liste</a></div><div class="infos-produit-1"><div class="prix-actuel"><span>2.70€</span></div></div><div class="infos-produit-2"><a title="Voir le produit" href="http://www.refonte.auchandirect.fr/boissons/jus,-softs/pure-premium-multivitaminé/id1/476/57992"><h2>TROPICANA</h2><h4>Pure premium multivitaminé</h4><h4>Pur jus de 12 fruits</h4><p>
1 l
<br/>
2.70€/l
</p></a></div><div class="mini_picto_bas"></div></div></div></td></tr><tr><td><!-- PL : ici --><div class="bloc-produit "><div class="bloc-produit-content"><a title="Voir le produit" href="http://www.refonte.auchandirect.fr/boissons/jus,-softs/pure-premium-pur-jus-d'ananas-plaisir/id1/476/46308"><img src="http://www.refonte.auchandirect.fr/static/images/products/line/46308.jpg" alt="" class="produit "/></a><div class="picto"><span class="invisible"></span></div><div class="boutons-produit"><a id="addProductToBasket_174" onclick="javascript:Tapestry.waitForPage(event);" title="Ajouter au panier" class="bt-produit-ajout-panier" href="http://www.refonte.auchandirect.fr/rayon.productgridorlist.productlist_1.thumbnailproduct_0.addproducttobasket/46308?t:ac=476">Ajouter au panier</a><a id="addProductToShoppingList_260" onclick="javascript:Tapestry.waitForPage(event);" title="Ajouter à ma liste" class="bt-produit-ajout-liste" href="http://www.refonte.auchandirect.fr/rayon.productgridorlist.productlist_1.thumbnailproduct_0.addproducttoshoppinglist/46308?t:ac=476">Ajouter à ma liste</a></div><div class="infos-produit-1"><div class="prix-actuel"><span>3.07€</span></div></div><div class="infos-produit-2"><a title="Voir le produit" href="http://www.refonte.auchandirect.fr/boissons/jus,-softs/pure-premium-pur-jus-d'ananas-plaisir/id1/476/46308"><h2>TROPICANA</h2><h4>Pure premium pur jus d'ananas plaisir</h4><h4></h4><p>
1 l
<br/>
3.07€/l
</p></a></div><div class="mini_picto_bas"></div></div></div></td><td><!-- PL : ici --><div class="bloc-produit "><div class="bloc-produit-content"><a title="Voir le produit" href="http://www.refonte.auchandirect.fr/boissons/jus,-softs/jus-de-fruits-reveil-fruité/id1/476/42823"><img src="http://www.refonte.auchandirect.fr/static/images/products/line/42823.jpg" alt="" class="produit "/></a><div class="picto"><span class="invisible"></span></div><div class="boutons-produit"><a id="addProductToBasket_175" onclick="javascript:Tapestry.waitForPage(event);" title="Ajouter au panier" class="bt-produit-ajout-panier" href="http://www.refonte.auchandirect.fr/rayon.productgridorlist.productlist_1.thumbnailproduct_0.addproducttobasket/42823?t:ac=476">Ajouter au panier</a><a id="addProductToShoppingList_261" onclick="javascript:Tapestry.waitForPage(event);" title="Ajouter à ma liste" class="bt-produit-ajout-liste" href="http://www.refonte.auchandirect.fr/rayon.productgridorlist.productlist_1.thumbnailproduct_0.addproducttoshoppinglist/42823?t:ac=476">Ajouter à ma liste</a></div><div class="infos-produit-1"><div class="prix-actuel"><span>3.97€</span></div></div><div class="infos-produit-2"><a title="Voir le produit" href="http://www.refonte.auchandirect.fr/boissons/jus,-softs/jus-de-fruits-reveil-fruité/id1/476/42823"><h2>TROPICANA</h2><h4>Jus de fruits reveil fruité</h4><h4></h4><p>
1 l
<br/>
2.65€/l
</p></a></div><div class="mini_picto_bas"></div></div></div></td><td><!-- PL : ici --><div class="bloc-produit  bientot-dispo"><div class="bloc-produit-content"><a title="Voir le produit" href="../jus-de-cassis-et-orange-sanguine/id1/476/61345.html"><img src="http://www.refonte.auchandirect.fr/static/images/products/line/61345.jpg" alt="" class="produit "/></a><div class="picto"><span class="invisible"></span></div><div class="boutons-produit"><a class="bt-produit-ajout-panier disable" title="Bientôt disponible" href="javascript:void(0)">Bientôt disponible</a><a id="addProductToShoppingList_262" onclick="javascript:Tapestry.waitForPage(event);" title="Ajouter à ma liste" class="bt-produit-ajout-liste" href="http://www.refonte.auchandirect.fr/rayon.productgridorlist.productlist_1.thumbnailproduct_0.addproducttoshoppinglist/61345?t:ac=476">Ajouter à ma liste</a></div><div class="infos-produit-1"><div class="prix-actuel"><span>2.95€</span></div></div><div class="infos-produit-2"><a title="Voir le produit" href="../jus-de-cassis-et-orange-sanguine/id1/476/61345.html"><h2>TROPICANA</h2><h4>Jus de cassis et orange sanguine</h4><h4>Parfums de saison</h4><p>
1 l
<br/>
2.95€/l
</p></a></div><div class="mini_picto_bas"><img alt="frais" src="http://www.refonte.auchandirect.fr/static/images/frais_small.jpg"/><img src="http://www.refonte.auchandirect.fr/static/images/DLC-garantie-6j_small.jpg"/></div></div></div></td></tr><tr><td><!-- PL : ici --><div class="bloc-produit  bientot-dispo"><div class="bloc-produit-content"><a title="Voir le produit" href="http://www.refonte.auchandirect.fr/bio-ecolo/boissons-bio/smoothie/id1/455/53790"><img src="http://www.refonte.auchandirect.fr/static/images/products/line/53790.jpg" alt="" class="produit "/></a><div class="picto"><span class="invisible"></span></div><div class="boutons-produit"><a class="bt-produit-ajout-panier disable" title="Bientôt disponible" href="javascript:void(0)">Bientôt disponible</a><a id="addProductToShoppingList_263" onclick="javascript:Tapestry.waitForPage(event);" title="Ajouter à ma liste" class="bt-produit-ajout-liste" href="http://www.refonte.auchandirect.fr/rayon.productgridorlist.productlist_1.thumbnailproduct_0.addproducttoshoppinglist/53790?t:ac=476">Ajouter à ma liste</a></div><div class="infos-produit-1"><div class="prix-actuel"><span>2.57€</span></div></div><div class="infos-produit-2"><a title="Voir le produit" href="http://www.refonte.auchandirect.fr/bio-ecolo/boissons-bio/smoothie/id1/455/53790"><h2>VITABIO</h2><h4>Smoothie</h4><h4>Mangue ananas</h4><p>
25 cl
<br/>
10.28€/l
</p></a></div><div class="mini_picto_bas"><img src="http://www.refonte.auchandirect.fr/static/images/DLC-garantie-6j_small.jpg"/><img src="http://www.refonte.auchandirect.fr/static/images/AB_small.jpg"/></div></div></div></td><td><!-- PL : ici --><div class="bloc-produit "><div class="bloc-produit-content"><a title="Voir le produit" href="http://www.refonte.auchandirect.fr/bio-ecolo/boissons-bio/smoothie/id1/455/53792"><img src="http://www.refonte.auchandirect.fr/static/images/products/line/53792.jpg" alt="" class="produit "/></a><div class="picto"><span class="invisible"></span></div><div class="boutons-produit"><a id="addProductToBasket_176" onclick="javascript:Tapestry.waitForPage(event);" title="Ajouter au panier" class="bt-produit-ajout-panier" href="http://www.refonte.auchandirect.fr/rayon.productgridorlist.productlist_1.thumbnailproduct_0.addproducttobasket/53792?t:ac=476">Ajouter au panier</a><a id="addProductToShoppingList_264" onclick="javascript:Tapestry.waitForPage(event);" title="Ajouter à ma liste" class="bt-produit-ajout-liste" href="http://www.refonte.auchandirect.fr/rayon.productgridorlist.productlist_1.thumbnailproduct_0.addproducttoshoppinglist/53792?t:ac=476">Ajouter à ma liste</a></div><div class="infos-produit-1"><div class="prix-actuel"><span>2.57€</span></div></div><div class="infos-produit-2"><a title="Voir le produit" href="http://www.refonte.auchandirect.fr/bio-ecolo/boissons-bio/smoothie/id1/455/53792"><h2>VITABIO</h2><h4>Smoothie</h4><h4>Fraise banane myrtille</h4><p>
25 cl
<br/>
10.28€/l
</p></a></div><div class="mini_picto_bas"><img src="http://www.refonte.auchandirect.fr/static/images/DLC-garantie-6j_small.jpg"/><img src="http://www.refonte.auchandirect.fr/static/images/AB_small.jpg"/></div></div></div></td><td><!-- PL : ici --><div class="bloc-produit  bientot-dispo"><div class="bloc-produit-content"><a title="Voir le produit" href="http://www.refonte.auchandirect.fr/bio-ecolo/boissons-bio/smoothie/id1/455/53793"><img src="http://www.refonte.auchandirect.fr/static/images/products/line/53793.jpg" alt="" class="produit "/></a><div class="picto"><span class="invisible"></span></div><div class="boutons-produit"><a class="bt-produit-ajout-panier disable" title="Bientôt disponible" href="javascript:void(0)">Bientôt disponible</a><a id="addProductToShoppingList_265" onclick="javascript:Tapestry.waitForPage(event);" title="Ajouter à ma liste" class="bt-produit-ajout-liste" href="http://www.refonte.auchandirect.fr/rayon.productgridorlist.productlist_1.thumbnailproduct_0.addproducttoshoppinglist/53793?t:ac=476">Ajouter à ma liste</a></div><div class="infos-produit-1"><div class="prix-actuel"><span>2.57€</span></div></div><div class="infos-produit-2"><a title="Voir le produit" href="http://www.refonte.auchandirect.fr/bio-ecolo/boissons-bio/smoothie/id1/455/53793"><h2>VITABIO</h2><h4>Smoothie</h4><h4>Griotte poire acérola</h4><p>
25 cl
<br/>
10.28€/l
</p></a></div><div class="mini_picto_bas"><img src="http://www.refonte.auchandirect.fr/static/images/DLC-garantie-6j_small.jpg"/><img src="http://www.refonte.auchandirect.fr/static/images/AB_small.jpg"/></div></div></div></td></tr><tr><td><!-- PL : ici --><div class="bloc-produit "><div class="bloc-produit-content"><a title="Voir le produit" href="http://www.refonte.auchandirect.fr/bio-ecolo/boissons-bio/smoothie/id1/455/53791"><img src="http://www.refonte.auchandirect.fr/static/images/products/line/53791.jpg" alt="" class="produit "/></a><div class="picto"><span class="invisible"></span></div><div class="boutons-produit"><a id="addProductToBasket_177" onclick="javascript:Tapestry.waitForPage(event);" title="Ajouter au panier" class="bt-produit-ajout-panier" href="http://www.refonte.auchandirect.fr/rayon.productgridorlist.productlist_1.thumbnailproduct_0.addproducttobasket/53791?t:ac=476">Ajouter au panier</a><a id="addProductToShoppingList_266" onclick="javascript:Tapestry.waitForPage(event);" title="Ajouter à ma liste" class="bt-produit-ajout-liste" href="http://www.refonte.auchandirect.fr/rayon.productgridorlist.productlist_1.thumbnailproduct_0.addproducttoshoppinglist/53791?t:ac=476">Ajouter à ma liste</a></div><div class="infos-produit-1"><div class="prix-actuel"><span>2.62€</span></div></div><div class="infos-produit-2"><a title="Voir le produit" href="http://www.refonte.auchandirect.fr/bio-ecolo/boissons-bio/smoothie/id1/455/53791"><h2>VITABIO</h2><h4>Smoothie</h4><h4>Ananas goyave banane</h4><p>
25 cl
<br/>
10.48€/l
</p></a></div><div class="mini_picto_bas"><img src="http://www.refonte.auchandirect.fr/static/images/DLC-garantie-6j_small.jpg"/><img src="http://www.refonte.auchandirect.fr/static/images/AB_small.jpg"/></div></div></div></td><td><!-- PL : ici --><div class="bloc-produit  bientot-dispo"><div class="bloc-produit-content"><a title="Voir le produit" href="http://www.refonte.auchandirect.fr/bio-ecolo/boissons-bio/pur-jus-fruits-antioxydants/id1/455/96004"><img src="http://www.refonte.auchandirect.fr/static/images/products/line/96004.jpg" alt="" class="produit "/></a><div class="picto"><span class="invisible"></span></div><div class="boutons-produit"><a class="bt-produit-ajout-panier disable" title="Bientôt disponible" href="javascript:void(0)">Bientôt disponible</a><a id="addProductToShoppingList_267" onclick="javascript:Tapestry.waitForPage(event);" title="Ajouter à ma liste" class="bt-produit-ajout-liste" href="http://www.refonte.auchandirect.fr/rayon.productgridorlist.productlist_1.thumbnailproduct_0.addproducttoshoppinglist/96004?t:ac=476">Ajouter à ma liste</a></div><div class="infos-produit-1"><div class="prix-actuel"><span>4.85€</span></div></div><div class="infos-produit-2"><a title="Voir le produit" href="http://www.refonte.auchandirect.fr/bio-ecolo/boissons-bio/pur-jus-fruits-antioxydants/id1/455/96004"><h2>VITABIO</h2><h4>Pur jus fruits antioxydants</h4><h4>Grenade-Açaï</h4><p>
50 cl
<br/>
9.70€/l
</p></a></div><div class="mini_picto_bas"><img src="http://www.refonte.auchandirect.fr/static/images/AB_small.jpg"/></div></div></div></td><td><!-- PL : ici --><div class="bloc-produit "><div class="bloc-produit-content"><a title="Voir le produit" href="http://www.refonte.auchandirect.fr/bio-ecolo/boissons-bio/pur-jus-fruits-antioxydants/id1/455/96005"><img src="http://www.refonte.auchandirect.fr/static/images/products/line/96005.jpg" alt="" class="produit "/></a><div class="picto"><span class="invisible"></span></div><div class="boutons-produit"><a id="addProductToBasket_178" onclick="javascript:Tapestry.waitForPage(event);" title="Ajouter au panier" class="bt-produit-ajout-panier" href="http://www.refonte.auchandirect.fr/rayon.productgridorlist.productlist_1.thumbnailproduct_0.addproducttobasket/96005?t:ac=476">Ajouter au panier</a><a id="addProductToShoppingList_268" onclick="javascript:Tapestry.waitForPage(event);" title="Ajouter à ma liste" class="bt-produit-ajout-liste" href="http://www.refonte.auchandirect.fr/rayon.productgridorlist.productlist_1.thumbnailproduct_0.addproducttoshoppinglist/96005?t:ac=476">Ajouter à ma liste</a></div><div class="infos-produit-1"><div class="prix-actuel"><span>4.85€</span></div></div><div class="infos-produit-2"><a title="Voir le produit" href="http://www.refonte.auchandirect.fr/bio-ecolo/boissons-bio/pur-jus-fruits-antioxydants/id1/455/96005"><h2>VITABIO</h2><h4>Pur jus fruits antioxydants</h4><h4>Cocktail Cranberry</h4><p>
50 cl
<br/>
9.70€/l
</p></a></div><div class="mini_picto_bas"><img src="http://www.refonte.auchandirect.fr/static/images/AB_small.jpg"/></div></div></div></td></tr><tr><td><!-- PL : ici --><div class="bloc-produit "><div class="bloc-produit-content"><a title="Voir le produit" href="http://www.refonte.auchandirect.fr/bio-ecolo/boissons-bio/cocktail-5-fruits/id1/455/95939"><img src="http://www.refonte.auchandirect.fr/static/images/products/line/95939.jpg" alt="" class="produit "/></a><div class="picto"><span class="invisible"></span></div><div class="boutons-produit"><a id="addProductToBasket_179" onclick="javascript:Tapestry.waitForPage(event);" title="Ajouter au panier" class="bt-produit-ajout-panier" href="http://www.refonte.auchandirect.fr/rayon.productgridorlist.productlist_1.thumbnailproduct_0.addproducttobasket/95939?t:ac=476">Ajouter au panier</a><a id="addProductToShoppingList_269" onclick="javascript:Tapestry.waitForPage(event);" title="Ajouter à ma liste" class="bt-produit-ajout-liste" href="http://www.refonte.auchandirect.fr/rayon.productgridorlist.productlist_1.thumbnailproduct_0.addproducttoshoppinglist/95939?t:ac=476">Ajouter à ma liste</a></div><div class="infos-produit-1"><div class="prix-actuel"><span>3.08€</span></div></div><div class="infos-produit-2"><a title="Voir le produit" href="http://www.refonte.auchandirect.fr/bio-ecolo/boissons-bio/cocktail-5-fruits/id1/455/95939"><h2>VITABIO</h2><h4>Cocktail 5 Fruits</h4><h4></h4><p>
50 cl
<br/>
6.16€/l
</p></a></div><div class="mini_picto_bas"><img src="http://www.refonte.auchandirect.fr/static/images/AB_small.jpg"/></div></div></div></td><td></td><td></td></tr></table></div></div></div><!-- t:zone t:id="productListZone" t:update="show">
							<t:if test="specificCategory">
								<div id="${productListDivId}" class="liste clear-container">
									<bean t:type="products/lists/productList" categoryId="categoryId" products="products" listType="displayType" specifCategory="true" />
								</div>
							<p:else>
								<div id="${productListDivId}" class="liste clear-container">
									<bean t:type="products/lists/productList" categoryId="categoryId" products="products" listType="displayType" />
								</div>
							</p:else>
							</t:if>
						</t:zone --><!-- Bannière bas --><div class="zone-admin diff-zone"></div><!--  --><div class="clear-container" id="liste-produits-infos"><p>
Si vous avez des suggestions de produits,
<a id="suggestionPopup" onclick="javascript:Tapestry.waitForPage(event);" class="orange-link" shape="rect" href="http://www.refonte.auchandirect.fr/rayon.suggestionpopup?t:ac=476">dites-le nous !</a><span class="backtotop"><a shape="rect" href="476.html#top">Retour en haut de page</a></span></p></div></div><div style="position: relative" class="right-content"><div style="position: relative" id="wrapper_for_fixed_content"><!-- <div id="wrapper_for_fixed_content" xmlns:t="http://tapestry.apache.org/schema/tapestry_5_1_0.xsd" xmlns:p="tapestry:parameter"> --><div id="tout-en-un-client"><div class="item first" id="tout-en-un-compte"><h3>Mon Compte</h3><p><a id="eventlink" onclick="javascript:Tapestry.waitForPage(event);" href="http://www.refonte.auchandirect.fr/rayon.customerinfos:showsigninpopup?t:ac=476">Identifiez-vous</a><a> - </a><a id="registerPopup" onclick="javascript:Tapestry.waitForPage(event);" href="http://www.refonte.auchandirect.fr/rayon.customerinfos.registerpopup?t:ac=476">Inscrivez-vous</a></p></div><div class="item" id="tout-en-un-commandes"><h3>Mes commandes</h3><p><a id="popupAuth" onclick="javascript:Tapestry.waitForPage(event);" href="http://www.refonte.auchandirect.fr/rayon.customerinfos.popupauth?t:ac=476">Consultez vos commandes en cours et passées</a></p></div><div class="item" id="tout-en-un-livraison"><h3>
Ma livraison
</h3><p class="t-zone" id="slotInfoZone"><a id="showSlotTab" onclick="javascript:Tapestry.waitForPage(event);" href="http://www.refonte.auchandirect.fr/rayon.customerinfos.slotinfo.showslottab?t:ac=476"><span class="item-texte">
Prochaine livraison possible
</span><span class="item-date">mardi 15/01 entre 08h00 et 10h00</span></a></p></div><div class="t-zone" id="accountSummaryTabContentZone"><div id="onglets"><ul class="menu menu-horizontal tabs float-container"><li><a id="basket" onclick="javascript:Tapestry.waitForPage(event);" title="Mon panier" class="onglet-panier current" href="http://www.refonte.auchandirect.fr/rayon.customerinfos.basket?t:ac=476"><span class="invisible">Mon panier</span></a></li><li><a id="lists" onclick="javascript:Tapestry.waitForPage(event);" title="Mes listes" class="onglet-listes " href="http://www.refonte.auchandirect.fr/rayon.customerinfos.lists?t:ac=476"><span class="invisible">Mes listes</span></a></li><li><a id="topBasket" onclick="javascript:Tapestry.waitForPage(event);" title="Lancer mon top panier" class="onglet-top-panier " href="http://www.refonte.auchandirect.fr/rayon.customerinfos.topbasket?t:ac=476"><span class="invisible">[[missing key: customerInfos.top]]</span></a></li></ul><div class="panes"><div class="item" id="panel-panier"><div class="t-zone" id="completeMiniBasketZone"><div class="t-zone" id="miniBasket"><p>Votre panier est vide</p><ul class="menu menu-horizontal"><li><a title="Voir le détails de votre panier" class="panier-bt-voir" href="../../../monpanier.html"></a></li></ul></div><div class="bouton-right-container"><div class="container-bouton-type1"><a id="validateBasket" onclick="javascript:Tapestry.waitForPage(event);" class="bouton-type1" href="http://www.refonte.auchandirect.fr/rayon.customerinfos.minibasket.validatebasket?t:ac=476">
Valider mon panier
</a></div></div><div class="clear"></div></div></div></div></div></div></div><!-- </div> --><!-- <bean t:type="misc/commitment/expandedCommitment" /> --></div></div></div></div><!-- div class="float-container" id="footer-menu-annexe" xmlns:t="http://tapestry.apache.org/schema/tapestry_5_1_0.xsd">
	<ul class="menu menu-horizontal">
		<li>
			<t:pagelink t:page="apropos/engagement">
				<t:outputraw value="message:link.engagement.lbl" />
			</t:pagelink>
		</li>
		<li>
			<t:pagelink t:page="apropos/contact">
				<t:outputraw value="message:link.contact.lbl" />
			</t:pagelink>
		</li>
		<li>
			<t:pagelink t:page="apropos/faq">
				<t:outputraw value="message:link.faq.lbl" />
			</t:pagelink>
		</li>
		<li>
			<t:pagelink t:page="apropos/cgv">
				<t:outputraw value="message:link.cgv.lbl" />
			</t:pagelink>
		</li>
		<li>
			<t:pagelink t:page="apropos/operations">
				<t:outputraw value="message:link.operations.lbl" />
			</t:pagelink>
		</li>
		<li>
			<t:pagelink t:page="apropos/legal">
				<t:outputraw value="message:link.legal.lbl" />
			</t:pagelink>
		</li>
	</ul>
</div --><div id="footer-menu-annexe" class="float-container">
<ul class="menu menu-horizontal">
	<li><a href="http://www.refonte.auchandirect.fr/apropos/engagement">Engagements</a></li>
	<li><a href="http://www.refonte.auchandirect.fr/apropos/contact">Contactez-nous</a></li>
	<li><a href="http://www.refonte.auchandirect.fr/apropos/faq">FAQ</a></li>
	<li><a href="http://www.refonte.auchandirect.fr/apropos/cgv">Conditions g&eacute;n&eacute;rales de vente</a></li>
	<li><a href="http://www.refonte.auchandirect.fr/apropos/operations">Op&eacute;rations commerciales</a></li>
	<li><a href="http://www.refonte.auchandirect.fr/apropos/legal">Mentions l&eacute;gales</a></li>
	<li><a href="../../../actus.html">Actualit&eacute;s</a> </li>
</ul>
</div>
<!-- div class="float-container" id="footer-infos" xmlns:t="http://tapestry.apache.org/schema/tapestry_5_1_0.xsd">
	<div id="info-facebook">
		<a href="http://www.facebook.com/Auchandirect.fr" target="_blank">
			<img width="26" height="26" alt="${message:facebook.img.alt}" src="/static/images/icone-facebook.png" />
		</a>
		<a href="http://www.facebook.com/Auchandirect.fr" target="_blank">	
			<span><t:outputraw value="message:facebook.fan.lbl" /></span>
		</a>
	</div>
	<div id="infos-contact">
		<div id="infos-contact-titre">
			<t:outputraw value="message:info.contact.lbl" />
		</div>
		<div id="infos-contact-tel">
			<t:outputraw value="message:info.phone.lbl" />
		</div>
		<div id="infos-contact-mail">
			<t:outputraw value="message:info.mail.lbl" />
		</div>
		<div id="eco-responsable">
			<img src="/static/images/picto-carton.png" width="142" height="126" alt="${message:eco.resp.alt}" />
		</div>
	</div>
</div --><div id="footer-infos" class="float-container">
<div id="info-facebook">
<a href="http://www.facebook.com/Auchandirect.fr" target="_blank"><img src="http://www.refonte.auchandirect.fr/static/images/icone-facebook.png" alt="auchandirect sur facebook" width="26" height="26" /></a><a href="http://www.facebook.com/Auchandirect.fr" target="_blank"><span>Devenez fan !</span></a>
</div>
<div id="infos-contact">
<div id="infos-contact-titre">
Contactez votre service client :
</div>
<div id="infos-contact-tel">
<strong>Par t&eacute;l&eacute;phone : 01 56 30 91 00 </strong>Du lundi au vendredi de 8H &agrave; 22H et le samedi de 9H &agrave; 18H (Appel non surtax&eacute;)
</div>
<div id="infos-contact-mail">
<strong>Par email : <a href="mailto:client@auchandirect.fr">client@auchandirect.fr</a></strong>
</div>
<div id="eco-responsable">
<img src="http://www.refonte.auchandirect.fr/static/images/picto-carton.png" alt="eco-responsable" width="142" height="126" />
</div>
</div>
</div>
</div><div class="t-zone" id="popupZone"></div><div class="t-zone" id="secondPopupZone"></div><div class="t-zone" id="closePopupZone"></div><a style="display:none;" id="showPopupLink" href="476.html#popupContent" class="fancylink"></a><div style="display:none"><div class="t-zone" id="forceAjax"></div></div><script type="text/javascript">
var gaJsHost = (("https:" == document.location.protocol) ? "https://ssl." : "http://www.");
document.write(unescape("%3Cscript src='" + gaJsHost + "google-analytics.com/ga.js' type='text/javascript'%3E%3C/script%3E"));
</script><script type="text/javascript">
var pageTracker = _gat._getTracker("UA-3062526-1");
pageTracker._initData();
pageTracker._trackPageview();
pageTracker._trackPageLoadTime();
</script><script type="text/javascript">Tapestry.onDOMLoaded(function() {
Tapestry.init({"popup":[[]],"zone":[{"update":"show","element":"headerListZone"},{"update":"show","element":"productDisplayTypeZone"},{"update":"show","element":"labelZone"},{"update":"show","element":"moreProductListZone"},{"update":"show","element":"productListZone"},{"update":"show","element":"slotInfoZone"},{"update":"show","element":"accountSummaryTabContentZone"},{"update":"show","element":"completeMiniBasketZone"},{"update":"show","element":"miniBasket"},{"update":"show","element":"popupZone"},{"update":"show","element":"secondPopupZone"},{"update":"show","element":"closePopupZone"},"forceAjax"],"linkZone":[["newsLetterPopup","forceAjax","/rayon.pagetemplate.header.headertop.newsletterpopup?t:ac=476"],["sortForm","productListZone","/rayon.productgridorlist.sortform"],["list","productListZone","/rayon.productgridorlist.list?t:ac=476"],["thumbnail","productListZone","/rayon.productgridorlist.thumbnail?t:ac=476"],["viewSubCat","labelZone","/rayon.productgridorlist.viewsubcat/672?t:ac=476"],["viewSubCat_0","labelZone","/rayon.productgridorlist.viewsubcat/433470?t:ac=476"],["viewSubCat_1","labelZone","/rayon.productgridorlist.viewsubcat/671?t:ac=476"],["viewSubCat_2","labelZone","/rayon.productgridorlist.viewsubcat/670?t:ac=476"],["viewSubCat_3","labelZone","/rayon.productgridorlist.viewsubcat/431982?t:ac=476"],["filterPromos","productListZone","/rayon.productgridorlist.filterpromos?t:ac=476"],["filterAuchan","productListZone","/rayon.productgridorlist.filterauchan?t:ac=476"],["viewAllBrands","labelZone","/rayon.productgridorlist.viewallbrands?t:ac=476"],["addProductToShoppingList","forceAjax","/rayon.productgridorlist.productlist_1.thumbnailproduct_0.addproducttoshoppinglist/4134?t:ac=476"],["addProductToShoppingList_0","forceAjax","/rayon.productgridorlist.productlist_1.thumbnailproduct_0.addproducttoshoppinglist/58938?t:ac=476"],["addProductToShoppingList_1","forceAjax","/rayon.productgridorlist.productlist_1.thumbnailproduct_0.addproducttoshoppinglist/4137?t:ac=476"],["addProductToShoppingList_2","forceAjax","/rayon.productgridorlist.productlist_1.thumbnailproduct_0.addproducttoshoppinglist/58940?t:ac=476"],["addProductToShoppingList_3","forceAjax","/rayon.productgridorlist.productlist_1.thumbnailproduct_0.addproducttoshoppinglist/58939?t:ac=476"],["addProductToBasket","forceAjax","/rayon.productgridorlist.productlist_1.thumbnailproduct_0.addproducttobasket/39953?t:ac=476"],["addProductToShoppingList_4","forceAjax","/rayon.productgridorlist.productlist_1.thumbnailproduct_0.addproducttoshoppinglist/39953?t:ac=476"],["addProductToShoppingList_5","forceAjax","/rayon.productgridorlist.productlist_1.thumbnailproduct_0.addproducttoshoppinglist/4130?t:ac=476"],["addProductToShoppingList_6","forceAjax","/rayon.productgridorlist.productlist_1.thumbnailproduct_0.addproducttoshoppinglist/34421?t:ac=476"],["addProductToShoppingList_7","forceAjax","/rayon.productgridorlist.productlist_1.thumbnailproduct_0.addproducttoshoppinglist/58941?t:ac=476"],["addProductToBasket_0","forceAjax","/rayon.productgridorlist.productlist_1.thumbnailproduct_0.addproducttobasket/27913?t:ac=476"],["addProductToShoppingList_8","forceAjax","/rayon.productgridorlist.productlist_1.thumbnailproduct_0.addproducttoshoppinglist/27913?t:ac=476"],["addProductToBasket_1","forceAjax","/rayon.productgridorlist.productlist_1.thumbnailproduct_0.addproducttobasket/2309?t:ac=476"],["addProductToShoppingList_9","forceAjax","/rayon.productgridorlist.productlist_1.thumbnailproduct_0.addproducttoshoppinglist/2309?t:ac=476"],["addProductToBasket_2","forceAjax","/rayon.productgridorlist.productlist_1.thumbnailproduct_0.addproducttobasket/31572?t:ac=476"],["addProductToShoppingList_10","forceAjax","/rayon.productgridorlist.productlist_1.thumbnailproduct_0.addproducttoshoppinglist/31572?t:ac=476"],["addProductToBasket_3","forceAjax","/rayon.productgridorlist.productlist_1.thumbnailproduct_0.addproducttobasket/40656?t:ac=476"],["addProductToShoppingList_11","forceAjax","/rayon.productgridorlist.productlist_1.thumbnailproduct_0.addproducttoshoppinglist/40656?t:ac=476"],["addProductToShoppingList_12","forceAjax","/rayon.productgridorlist.productlist_1.thumbnailproduct_0.addproducttoshoppinglist/56736?t:ac=476"],["addProductToBasket_4","forceAjax","/rayon.productgridorlist.productlist_1.thumbnailproduct_0.addproducttobasket/42422?t:ac=476"],["addProductToShoppingList_13","forceAjax","/rayon.productgridorlist.productlist_1.thumbnailproduct_0.addproducttoshoppinglist/42422?t:ac=476"],["addProductToShoppingList_14","forceAjax","/rayon.productgridorlist.productlist_1.thumbnailproduct_0.addproducttoshoppinglist/40145?t:ac=476"],["addProductToBasket_5","forceAjax","/rayon.productgridorlist.productlist_1.thumbnailproduct_0.addproducttobasket/2311?t:ac=476"],["addProductToShoppingList_15","forceAjax","/rayon.productgridorlist.productlist_1.thumbnailproduct_0.addproducttoshoppinglist/2311?t:ac=476"],["addProductToShoppingList_16","forceAjax","/rayon.productgridorlist.productlist_1.thumbnailproduct_0.addproducttoshoppinglist/42195?t:ac=476"],["addProductToShoppingList_17","forceAjax","/rayon.productgridorlist.productlist_1.thumbnailproduct_0.addproducttoshoppinglist/6746?t:ac=476"],["addProductToShoppingList_18","forceAjax","/rayon.productgridorlist.productlist_1.thumbnailproduct_0.addproducttoshoppinglist/58911?t:ac=476"],["addProductToShoppingList_19","forceAjax","/rayon.productgridorlist.productlist_1.thumbnailproduct_0.addproducttoshoppinglist/37928?t:ac=476"],["addProductToBasket_6","forceAjax","/rayon.productgridorlist.productlist_1.thumbnailproduct_0.addproducttobasket/37589?t:ac=476"],["addProductToShoppingList_20","forceAjax","/rayon.productgridorlist.productlist_1.thumbnailproduct_0.addproducttoshoppinglist/37589?t:ac=476"],["addProductToBasket_7","forceAjax","/rayon.productgridorlist.productlist_1.thumbnailproduct_0.addproducttobasket/37590?t:ac=476"],["addProductToShoppingList_21","forceAjax","/rayon.productgridorlist.productlist_1.thumbnailproduct_0.addproducttoshoppinglist/37590?t:ac=476"],["addProductToBasket_8","forceAjax","/rayon.productgridorlist.productlist_1.thumbnailproduct_0.addproducttobasket/1223?t:ac=476"],["addProductToShoppingList_22","forceAjax","/rayon.productgridorlist.productlist_1.thumbnailproduct_0.addproducttoshoppinglist/1223?t:ac=476"],["addProductToShoppingList_23","forceAjax","/rayon.productgridorlist.productlist_1.thumbnailproduct_0.addproducttoshoppinglist/6745?t:ac=476"],["addProductToBasket_9","forceAjax","/rayon.productgridorlist.productlist_1.thumbnailproduct_0.addproducttobasket/43895?t:ac=476"],["addProductToShoppingList_24","forceAjax","/rayon.productgridorlist.productlist_1.thumbnailproduct_0.addproducttoshoppinglist/43895?t:ac=476"],["addProductToShoppingList_25","forceAjax","/rayon.productgridorlist.productlist_1.thumbnailproduct_0.addproducttoshoppinglist/1807?t:ac=476"],["addProductToShoppingList_26","forceAjax","/rayon.productgridorlist.productlist_1.thumbnailproduct_0.addproducttoshoppinglist/58079?t:ac=476"],["addProductToBasket_10","forceAjax","/rayon.productgridorlist.productlist_1.thumbnailproduct_0.addproducttobasket/1548?t:ac=476"],["addProductToShoppingList_27","forceAjax","/rayon.productgridorlist.productlist_1.thumbnailproduct_0.addproducttoshoppinglist/1548?t:ac=476"],["addProductToBasket_11","forceAjax","/rayon.productgridorlist.productlist_1.thumbnailproduct_0.addproducttobasket/2310?t:ac=476"],["addProductToShoppingList_28","forceAjax","/rayon.productgridorlist.productlist_1.thumbnailproduct_0.addproducttoshoppinglist/2310?t:ac=476"],["addProductToBasket_12","forceAjax","/rayon.productgridorlist.productlist_1.thumbnailproduct_0.addproducttobasket/31915?t:ac=476"],["addProductToShoppingList_29","forceAjax","/rayon.productgridorlist.productlist_1.thumbnailproduct_0.addproducttoshoppinglist/31915?t:ac=476"],["addProductToBasket_13","forceAjax","/rayon.productgridorlist.productlist_1.thumbnailproduct_0.addproducttobasket/33720?t:ac=476"],["addProductToShoppingList_30","forceAjax","/rayon.productgridorlist.productlist_1.thumbnailproduct_0.addproducttoshoppinglist/33720?t:ac=476"],["addProductToShoppingList_31","forceAjax","/rayon.productgridorlist.productlist_1.thumbnailproduct_0.addproducttoshoppinglist/4140?t:ac=476"],["addProductToBasket_14","forceAjax","/rayon.productgridorlist.productlist_1.thumbnailproduct_0.addproducttobasket/33718?t:ac=476"],["addProductToShoppingList_32","forceAjax","/rayon.productgridorlist.productlist_1.thumbnailproduct_0.addproducttoshoppinglist/33718?t:ac=476"],["addProductToBasket_15","forceAjax","/rayon.productgridorlist.productlist_1.thumbnailproduct_0.addproducttobasket/1221?t:ac=476"],["addProductToShoppingList_33","forceAjax","/rayon.productgridorlist.productlist_1.thumbnailproduct_0.addproducttoshoppinglist/1221?t:ac=476"],["addProductToShoppingList_34","forceAjax","/rayon.productgridorlist.productlist_1.thumbnailproduct_0.addproducttoshoppinglist/1541?t:ac=476"],["addProductToBasket_16","forceAjax","/rayon.productgridorlist.productlist_1.thumbnailproduct_0.addproducttobasket/1338?t:ac=476"],["addProductToShoppingList_35","forceAjax","/rayon.productgridorlist.productlist_1.thumbnailproduct_0.addproducttoshoppinglist/1338?t:ac=476"],["addProductToBasket_17","forceAjax","/rayon.productgridorlist.productlist_1.thumbnailproduct_0.addproducttobasket/38162?t:ac=476"],["addProductToShoppingList_36","forceAjax","/rayon.productgridorlist.productlist_1.thumbnailproduct_0.addproducttoshoppinglist/38162?t:ac=476"],["addProductToBasket_18","forceAjax","/rayon.productgridorlist.productlist_1.thumbnailproduct_0.addproducttobasket/1454?t:ac=476"],["addProductToShoppingList_37","forceAjax","/rayon.productgridorlist.productlist_1.thumbnailproduct_0.addproducttoshoppinglist/1454?t:ac=476"],["addProductToBasket_19","forceAjax","/rayon.productgridorlist.productlist_1.thumbnailproduct_0.addproducttobasket/48186?t:ac=476"],["addProductToShoppingList_38","forceAjax","/rayon.productgridorlist.productlist_1.thumbnailproduct_0.addproducttoshoppinglist/48186?t:ac=476"],["addProductToShoppingList_39","forceAjax","/rayon.productgridorlist.productlist_1.thumbnailproduct_0.addproducttoshoppinglist/76400?t:ac=476"],["addProductToBasket_20","forceAjax","/rayon.productgridorlist.productlist_1.thumbnailproduct_0.addproducttobasket/97569?t:ac=476"],["addProductToShoppingList_40","forceAjax","/rayon.productgridorlist.productlist_1.thumbnailproduct_0.addproducttoshoppinglist/97569?t:ac=476"],["addProductToBasket_21","forceAjax","/rayon.productgridorlist.productlist_1.thumbnailproduct_0.addproducttobasket/47864?t:ac=476"],["addProductToShoppingList_41","forceAjax","/rayon.productgridorlist.productlist_1.thumbnailproduct_0.addproducttoshoppinglist/47864?t:ac=476"],["addProductToBasket_22","forceAjax","/rayon.productgridorlist.productlist_1.thumbnailproduct_0.addproducttobasket/34672?t:ac=476"],["addProductToShoppingList_42","forceAjax","/rayon.productgridorlist.productlist_1.thumbnailproduct_0.addproducttoshoppinglist/34672?t:ac=476"],["addProductToBasket_23","forceAjax","/rayon.productgridorlist.productlist_1.thumbnailproduct_0.addproducttobasket/48102?t:ac=476"],["addProductToShoppingList_43","forceAjax","/rayon.productgridorlist.productlist_1.thumbnailproduct_0.addproducttoshoppinglist/48102?t:ac=476"],["addProductToBasket_24","forceAjax","/rayon.productgridorlist.productlist_1.thumbnailproduct_0.addproducttobasket/1494?t:ac=476"],["addProductToShoppingList_44","forceAjax","/rayon.productgridorlist.productlist_1.thumbnailproduct_0.addproducttoshoppinglist/1494?t:ac=476"],["addProductToBasket_25","forceAjax","/rayon.productgridorlist.productlist_1.thumbnailproduct_0.addproducttobasket/33705?t:ac=476"],["addProductToShoppingList_45","forceAjax","/rayon.productgridorlist.productlist_1.thumbnailproduct_0.addproducttoshoppinglist/33705?t:ac=476"],["addProductToShoppingList_46","forceAjax","/rayon.productgridorlist.productlist_1.thumbnailproduct_0.addproducttoshoppinglist/33721?t:ac=476"],["addProductToBasket_26","forceAjax","/rayon.productgridorlist.productlist_1.thumbnailproduct_0.addproducttobasket/40637?t:ac=476"],["addProductToShoppingList_47","forceAjax","/rayon.productgridorlist.productlist_1.thumbnailproduct_0.addproducttoshoppinglist/40637?t:ac=476"],["addProductToBasket_27","forceAjax","/rayon.productgridorlist.productlist_1.thumbnailproduct_0.addproducttobasket/40538?t:ac=476"],["addProductToShoppingList_48","forceAjax","/rayon.productgridorlist.productlist_1.thumbnailproduct_0.addproducttoshoppinglist/40538?t:ac=476"],["addProductToShoppingList_49","forceAjax","/rayon.productgridorlist.productlist_1.thumbnailproduct_0.addproducttoshoppinglist/40539?t:ac=476"],["addProductToBasket_28","forceAjax","/rayon.productgridorlist.productlist_1.thumbnailproduct_0.addproducttobasket/17311?t:ac=476"],["addProductToShoppingList_50","forceAjax","/rayon.productgridorlist.productlist_1.thumbnailproduct_0.addproducttoshoppinglist/17311?t:ac=476"],["addProductToBasket_29","forceAjax","/rayon.productgridorlist.productlist_1.thumbnailproduct_0.addproducttobasket/33706?t:ac=476"],["addProductToShoppingList_51","forceAjax","/rayon.productgridorlist.productlist_1.thumbnailproduct_0.addproducttoshoppinglist/33706?t:ac=476"],["addProductToBasket_30","forceAjax","/rayon.productgridorlist.productlist_1.thumbnailproduct_0.addproducttobasket/31210?t:ac=476"],["addProductToShoppingList_52","forceAjax","/rayon.productgridorlist.productlist_1.thumbnailproduct_0.addproducttoshoppinglist/31210?t:ac=476"],["addProductToShoppingList_53","forceAjax","/rayon.productgridorlist.productlist_1.thumbnailproduct_0.addproducttoshoppinglist/58937?t:ac=476"],["addProductToBasket_31","forceAjax","/rayon.productgridorlist.productlist_1.thumbnailproduct_0.addproducttobasket/58931?t:ac=476"],["addProductToShoppingList_54","forceAjax","/rayon.productgridorlist.productlist_1.thumbnailproduct_0.addproducttoshoppinglist/58931?t:ac=476"],["addProductToShoppingList_55","forceAjax","/rayon.productgridorlist.productlist_1.thumbnailproduct_0.addproducttoshoppinglist/31311?t:ac=476"],["addProductToBasket_32","forceAjax","/rayon.productgridorlist.productlist_1.thumbnailproduct_0.addproducttobasket/53844?t:ac=476"],["addProductToShoppingList_56","forceAjax","/rayon.productgridorlist.productlist_1.thumbnailproduct_0.addproducttoshoppinglist/53844?t:ac=476"],["addProductToBasket_33","forceAjax","/rayon.productgridorlist.productlist_1.thumbnailproduct_0.addproducttobasket/45920?t:ac=476"],["addProductToShoppingList_57","forceAjax","/rayon.productgridorlist.productlist_1.thumbnailproduct_0.addproducttoshoppinglist/45920?t:ac=476"],["addProductToBasket_34","forceAjax","/rayon.productgridorlist.productlist_1.thumbnailproduct_0.addproducttobasket/31451?t:ac=476"],["addProductToShoppingList_58","forceAjax","/rayon.productgridorlist.productlist_1.thumbnailproduct_0.addproducttoshoppinglist/31451?t:ac=476"],["addProductToShoppingList_59","forceAjax","/rayon.productgridorlist.productlist_1.thumbnailproduct_0.addproducttoshoppinglist/58936?t:ac=476"],["addProductToBasket_35","forceAjax","/rayon.productgridorlist.productlist_1.thumbnailproduct_0.addproducttobasket/1301?t:ac=476"],["addProductToShoppingList_60","forceAjax","/rayon.productgridorlist.productlist_1.thumbnailproduct_0.addproducttoshoppinglist/1301?t:ac=476"],["addProductToBasket_36","forceAjax","/rayon.productgridorlist.productlist_1.thumbnailproduct_0.addproducttobasket/2089?t:ac=476"],["addProductToShoppingList_61","forceAjax","/rayon.productgridorlist.productlist_1.thumbnailproduct_0.addproducttoshoppinglist/2089?t:ac=476"],["addProductToBasket_37","forceAjax","/rayon.productgridorlist.productlist_1.thumbnailproduct_0.addproducttobasket/100464?t:ac=476"],["addProductToShoppingList_62","forceAjax","/rayon.productgridorlist.productlist_1.thumbnailproduct_0.addproducttoshoppinglist/100464?t:ac=476"],["addProductToBasket_38","forceAjax","/rayon.productgridorlist.productlist_1.thumbnailproduct_0.addproducttobasket/100259?t:ac=476"],["addProductToShoppingList_63","forceAjax","/rayon.productgridorlist.productlist_1.thumbnailproduct_0.addproducttoshoppinglist/100259?t:ac=476"],["addProductToShoppingList_64","forceAjax","/rayon.productgridorlist.productlist_1.thumbnailproduct_0.addproducttoshoppinglist/47555?t:ac=476"],["addProductToBasket_39","forceAjax","/rayon.productgridorlist.productlist_1.thumbnailproduct_0.addproducttobasket/48087?t:ac=476"],["addProductToShoppingList_65","forceAjax","/rayon.productgridorlist.productlist_1.thumbnailproduct_0.addproducttoshoppinglist/48087?t:ac=476"],["addProductToShoppingList_66","forceAjax","/rayon.productgridorlist.productlist_1.thumbnailproduct_0.addproducttoshoppinglist/59359?t:ac=476"],["addProductToBasket_40","forceAjax","/rayon.productgridorlist.productlist_1.thumbnailproduct_0.addproducttobasket/9502?t:ac=476"],["addProductToShoppingList_67","forceAjax","/rayon.productgridorlist.productlist_1.thumbnailproduct_0.addproducttoshoppinglist/9502?t:ac=476"],["addProductToBasket_41","forceAjax","/rayon.productgridorlist.productlist_1.thumbnailproduct_0.addproducttobasket/34946?t:ac=476"],["addProductToShoppingList_68","forceAjax","/rayon.productgridorlist.productlist_1.thumbnailproduct_0.addproducttoshoppinglist/34946?t:ac=476"],["addProductToShoppingList_69","forceAjax","/rayon.productgridorlist.productlist_1.thumbnailproduct_0.addproducttoshoppinglist/1401?t:ac=476"],["addProductToBasket_42","forceAjax","/rayon.productgridorlist.productlist_1.thumbnailproduct_0.addproducttobasket/100534?t:ac=476"],["addProductToShoppingList_70","forceAjax","/rayon.productgridorlist.productlist_1.thumbnailproduct_0.addproducttoshoppinglist/100534?t:ac=476"],["addProductToShoppingList_71","forceAjax","/rayon.productgridorlist.productlist_1.thumbnailproduct_0.addproducttoshoppinglist/100533?t:ac=476"],["addProductToBasket_43","forceAjax","/rayon.productgridorlist.productlist_1.thumbnailproduct_0.addproducttobasket/100352?t:ac=476"],["addProductToShoppingList_72","forceAjax","/rayon.productgridorlist.productlist_1.thumbnailproduct_0.addproducttoshoppinglist/100352?t:ac=476"],["addProductToBasket_44","forceAjax","/rayon.productgridorlist.productlist_1.thumbnailproduct_0.addproducttobasket/100033?t:ac=476"],["addProductToShoppingList_73","forceAjax","/rayon.productgridorlist.productlist_1.thumbnailproduct_0.addproducttoshoppinglist/100033?t:ac=476"],["addProductToBasket_45","forceAjax","/rayon.productgridorlist.productlist_1.thumbnailproduct_0.addproducttobasket/59236?t:ac=476"],["addProductToShoppingList_74","forceAjax","/rayon.productgridorlist.productlist_1.thumbnailproduct_0.addproducttoshoppinglist/59236?t:ac=476"],["addProductToBasket_46","forceAjax","/rayon.productgridorlist.productlist_1.thumbnailproduct_0.addproducttobasket/58934?t:ac=476"],["addProductToShoppingList_75","forceAjax","/rayon.productgridorlist.productlist_1.thumbnailproduct_0.addproducttoshoppinglist/58934?t:ac=476"],["addProductToBasket_47","forceAjax","/rayon.productgridorlist.productlist_1.thumbnailproduct_0.addproducttobasket/55805?t:ac=476"],["addProductToShoppingList_76","forceAjax","/rayon.productgridorlist.productlist_1.thumbnailproduct_0.addproducttoshoppinglist/55805?t:ac=476"],["addProductToBasket_48","forceAjax","/rayon.productgridorlist.productlist_1.thumbnailproduct_0.addproducttobasket/30799?t:ac=476"],["addProductToShoppingList_77","forceAjax","/rayon.productgridorlist.productlist_1.thumbnailproduct_0.addproducttoshoppinglist/30799?t:ac=476"],["addProductToBasket_49","forceAjax","/rayon.productgridorlist.productlist_1.thumbnailproduct_0.addproducttobasket/31819?t:ac=476"],["addProductToShoppingList_78","forceAjax","/rayon.productgridorlist.productlist_1.thumbnailproduct_0.addproducttoshoppinglist/31819?t:ac=476"],["addProductToBasket_50","forceAjax","/rayon.productgridorlist.productlist_1.thumbnailproduct_0.addproducttobasket/31818?t:ac=476"],["addProductToShoppingList_79","forceAjax","/rayon.productgridorlist.productlist_1.thumbnailproduct_0.addproducttoshoppinglist/31818?t:ac=476"],["addProductToShoppingList_80","forceAjax","/rayon.productgridorlist.productlist_1.thumbnailproduct_0.addproducttoshoppinglist/46894?t:ac=476"],["addProductToBasket_51","forceAjax","/rayon.productgridorlist.productlist_1.thumbnailproduct_0.addproducttobasket/1615?t:ac=476"],["addProductToShoppingList_81","forceAjax","/rayon.productgridorlist.productlist_1.thumbnailproduct_0.addproducttoshoppinglist/1615?t:ac=476"],["addProductToShoppingList_82","forceAjax","/rayon.productgridorlist.productlist_1.thumbnailproduct_0.addproducttoshoppinglist/100192?t:ac=476"],["addProductToBasket_52","forceAjax","/rayon.productgridorlist.productlist_1.thumbnailproduct_0.addproducttobasket/37353?t:ac=476"],["addProductToShoppingList_83","forceAjax","/rayon.productgridorlist.productlist_1.thumbnailproduct_0.addproducttoshoppinglist/37353?t:ac=476"],["addProductToBasket_53","forceAjax","/rayon.productgridorlist.productlist_1.thumbnailproduct_0.addproducttobasket/47054?t:ac=476"],["addProductToShoppingList_84","forceAjax","/rayon.productgridorlist.productlist_1.thumbnailproduct_0.addproducttoshoppinglist/47054?t:ac=476"],["addProductToBasket_54","forceAjax","/rayon.productgridorlist.productlist_1.thumbnailproduct_0.addproducttobasket/59235?t:ac=476"],["addProductToShoppingList_85","forceAjax","/rayon.productgridorlist.productlist_1.thumbnailproduct_0.addproducttoshoppinglist/59235?t:ac=476"],["addProductToBasket_55","forceAjax","/rayon.productgridorlist.productlist_1.thumbnailproduct_0.addproducttobasket/60963?t:ac=476"],["addProductToShoppingList_86","forceAjax","/rayon.productgridorlist.productlist_1.thumbnailproduct_0.addproducttoshoppinglist/60963?t:ac=476"],["addProductToBasket_56","forceAjax","/rayon.productgridorlist.productlist_1.thumbnailproduct_0.addproducttobasket/46732?t:ac=476"],["addProductToShoppingList_87","forceAjax","/rayon.productgridorlist.productlist_1.thumbnailproduct_0.addproducttoshoppinglist/46732?t:ac=476"],["addProductToBasket_57","forceAjax","/rayon.productgridorlist.productlist_1.thumbnailproduct_0.addproducttobasket/32392?t:ac=476"],["addProductToShoppingList_88","forceAjax","/rayon.productgridorlist.productlist_1.thumbnailproduct_0.addproducttoshoppinglist/32392?t:ac=476"],["addProductToBasket_58","forceAjax","/rayon.productgridorlist.productlist_1.thumbnailproduct_0.addproducttobasket/1532?t:ac=476"],["addProductToShoppingList_89","forceAjax","/rayon.productgridorlist.productlist_1.thumbnailproduct_0.addproducttoshoppinglist/1532?t:ac=476"],["addProductToBasket_59","forceAjax","/rayon.productgridorlist.productlist_1.thumbnailproduct_0.addproducttobasket/22027?t:ac=476"],["addProductToShoppingList_90","forceAjax","/rayon.productgridorlist.productlist_1.thumbnailproduct_0.addproducttoshoppinglist/22027?t:ac=476"],["addProductToBasket_60","forceAjax","/rayon.productgridorlist.productlist_1.thumbnailproduct_0.addproducttobasket/22029?t:ac=476"],["addProductToShoppingList_91","forceAjax","/rayon.productgridorlist.productlist_1.thumbnailproduct_0.addproducttoshoppinglist/22029?t:ac=476"],["addProductToBasket_61","forceAjax","/rayon.productgridorlist.productlist_1.thumbnailproduct_0.addproducttobasket/30800?t:ac=476"],["addProductToShoppingList_92","forceAjax","/rayon.productgridorlist.productlist_1.thumbnailproduct_0.addproducttoshoppinglist/30800?t:ac=476"],["addProductToBasket_62","forceAjax","/rayon.productgridorlist.productlist_1.thumbnailproduct_0.addproducttobasket/30895?t:ac=476"],["addProductToShoppingList_93","forceAjax","/rayon.productgridorlist.productlist_1.thumbnailproduct_0.addproducttoshoppinglist/30895?t:ac=476"],["addProductToShoppingList_94","forceAjax","/rayon.productgridorlist.productlist_1.thumbnailproduct_0.addproducttoshoppinglist/100973?t:ac=476"],["addProductToBasket_63","forceAjax","/rayon.productgridorlist.productlist_1.thumbnailproduct_0.addproducttobasket/96723?t:ac=476"],["addProductToShoppingList_95","forceAjax","/rayon.productgridorlist.productlist_1.thumbnailproduct_0.addproducttoshoppinglist/96723?t:ac=476"],["addProductToBasket_64","forceAjax","/rayon.productgridorlist.productlist_1.thumbnailproduct_0.addproducttobasket/96726?t:ac=476"],["addProductToShoppingList_96","forceAjax","/rayon.productgridorlist.productlist_1.thumbnailproduct_0.addproducttoshoppinglist/96726?t:ac=476"],["addProductToBasket_65","forceAjax","/rayon.productgridorlist.productlist_1.thumbnailproduct_0.addproducttobasket/100408?t:ac=476"],["addProductToShoppingList_97","forceAjax","/rayon.productgridorlist.productlist_1.thumbnailproduct_0.addproducttoshoppinglist/100408?t:ac=476"],["addProductToShoppingList_98","forceAjax","/rayon.productgridorlist.productlist_1.thumbnailproduct_0.addproducttoshoppinglist/2003?t:ac=476"],["addProductToBasket_66","forceAjax","/rayon.productgridorlist.productlist_1.thumbnailproduct_0.addproducttobasket/31298?t:ac=476"],["addProductToShoppingList_99","forceAjax","/rayon.productgridorlist.productlist_1.thumbnailproduct_0.addproducttoshoppinglist/31298?t:ac=476"],["addProductToBasket_67","forceAjax","/rayon.productgridorlist.productlist_1.thumbnailproduct_0.addproducttobasket/100234?t:ac=476"],["addProductToShoppingList_100","forceAjax","/rayon.productgridorlist.productlist_1.thumbnailproduct_0.addproducttoshoppinglist/100234?t:ac=476"],["addProductToShoppingList_101","forceAjax","/rayon.productgridorlist.productlist_1.thumbnailproduct_0.addproducttoshoppinglist/91857?t:ac=476"],["addProductToBasket_68","forceAjax","/rayon.productgridorlist.productlist_1.thumbnailproduct_0.addproducttobasket/40338?t:ac=476"],["addProductToShoppingList_102","forceAjax","/rayon.productgridorlist.productlist_1.thumbnailproduct_0.addproducttoshoppinglist/40338?t:ac=476"],["addProductToBasket_69","forceAjax","/rayon.productgridorlist.productlist_1.thumbnailproduct_0.addproducttobasket/55397?t:ac=476"],["addProductToShoppingList_103","forceAjax","/rayon.productgridorlist.productlist_1.thumbnailproduct_0.addproducttoshoppinglist/55397?t:ac=476"],["addProductToBasket_70","forceAjax","/rayon.productgridorlist.productlist_1.thumbnailproduct_0.addproducttobasket/3090?t:ac=476"],["addProductToShoppingList_104","forceAjax","/rayon.productgridorlist.productlist_1.thumbnailproduct_0.addproducttoshoppinglist/3090?t:ac=476"],["addProductToBasket_71","forceAjax","/rayon.productgridorlist.productlist_1.thumbnailproduct_0.addproducttobasket/100769?t:ac=476"],["addProductToShoppingList_105","forceAjax","/rayon.productgridorlist.productlist_1.thumbnailproduct_0.addproducttoshoppinglist/100769?t:ac=476"],["addProductToShoppingList_106","forceAjax","/rayon.productgridorlist.productlist_1.thumbnailproduct_0.addproducttoshoppinglist/56660?t:ac=476"],["addProductToBasket_72","forceAjax","/rayon.productgridorlist.productlist_1.thumbnailproduct_0.addproducttobasket/33760?t:ac=476"],["addProductToShoppingList_107","forceAjax","/rayon.productgridorlist.productlist_1.thumbnailproduct_0.addproducttoshoppinglist/33760?t:ac=476"],["addProductToBasket_73","forceAjax","/rayon.productgridorlist.productlist_1.thumbnailproduct_0.addproducttobasket/33759?t:ac=476"],["addProductToShoppingList_108","forceAjax","/rayon.productgridorlist.productlist_1.thumbnailproduct_0.addproducttoshoppinglist/33759?t:ac=476"],["addProductToShoppingList_109","forceAjax","/rayon.productgridorlist.productlist_1.thumbnailproduct_0.addproducttoshoppinglist/49135?t:ac=476"],["addProductToShoppingList_110","forceAjax","/rayon.productgridorlist.productlist_1.thumbnailproduct_0.addproducttoshoppinglist/49136?t:ac=476"],["addProductToShoppingList_111","forceAjax","/rayon.productgridorlist.productlist_1.thumbnailproduct_0.addproducttoshoppinglist/49137?t:ac=476"],["addProductToShoppingList_112","forceAjax","/rayon.productgridorlist.productlist_1.thumbnailproduct_0.addproducttoshoppinglist/58506?t:ac=476"],["addProductToShoppingList_113","forceAjax","/rayon.productgridorlist.productlist_1.thumbnailproduct_0.addproducttoshoppinglist/58507?t:ac=476"],["addProductToBasket_74","forceAjax","/rayon.productgridorlist.productlist_1.thumbnailproduct_0.addproducttobasket/72760?t:ac=476"],["addProductToShoppingList_114","forceAjax","/rayon.productgridorlist.productlist_1.thumbnailproduct_0.addproducttoshoppinglist/72760?t:ac=476"],["addProductToBasket_75","forceAjax","/rayon.productgridorlist.productlist_1.thumbnailproduct_0.addproducttobasket/100390?t:ac=476"],["addProductToShoppingList_115","forceAjax","/rayon.productgridorlist.productlist_1.thumbnailproduct_0.addproducttoshoppinglist/100390?t:ac=476"],["addProductToBasket_76","forceAjax","/rayon.productgridorlist.productlist_1.thumbnailproduct_0.addproducttobasket/18504?t:ac=476"],["addProductToShoppingList_116","forceAjax","/rayon.productgridorlist.productlist_1.thumbnailproduct_0.addproducttoshoppinglist/18504?t:ac=476"],["addProductToShoppingList_117","forceAjax","/rayon.productgridorlist.productlist_1.thumbnailproduct_0.addproducttoshoppinglist/1393?t:ac=476"],["addProductToBasket_77","forceAjax","/rayon.productgridorlist.productlist_1.thumbnailproduct_0.addproducttobasket/5087?t:ac=476"],["addProductToShoppingList_118","forceAjax","/rayon.productgridorlist.productlist_1.thumbnailproduct_0.addproducttoshoppinglist/5087?t:ac=476"],["addProductToBasket_78","forceAjax","/rayon.productgridorlist.productlist_1.thumbnailproduct_0.addproducttobasket/56878?t:ac=476"],["addProductToShoppingList_119","forceAjax","/rayon.productgridorlist.productlist_1.thumbnailproduct_0.addproducttoshoppinglist/56878?t:ac=476"],["addProductToShoppingList_120","forceAjax","/rayon.productgridorlist.productlist_1.thumbnailproduct_0.addproducttoshoppinglist/101042?t:ac=476"],["addProductToShoppingList_121","forceAjax","/rayon.productgridorlist.productlist_1.thumbnailproduct_0.addproducttoshoppinglist/17932?t:ac=476"],["addProductToShoppingList_122","forceAjax","/rayon.productgridorlist.productlist_1.thumbnailproduct_0.addproducttoshoppinglist/59777?t:ac=476"],["addProductToShoppingList_123","forceAjax","/rayon.productgridorlist.productlist_1.thumbnailproduct_0.addproducttoshoppinglist/59778?t:ac=476"],["addProductToBasket_79","forceAjax","/rayon.productgridorlist.productlist_1.thumbnailproduct_0.addproducttobasket/100190?t:ac=476"],["addProductToShoppingList_124","forceAjax","/rayon.productgridorlist.productlist_1.thumbnailproduct_0.addproducttoshoppinglist/100190?t:ac=476"],["addProductToBasket_80","forceAjax","/rayon.productgridorlist.productlist_1.thumbnailproduct_0.addproducttobasket/9503?t:ac=476"],["addProductToShoppingList_125","forceAjax","/rayon.productgridorlist.productlist_1.thumbnailproduct_0.addproducttoshoppinglist/9503?t:ac=476"],["addProductToBasket_81","forceAjax","/rayon.productgridorlist.productlist_1.thumbnailproduct_0.addproducttobasket/11346?t:ac=476"],["addProductToShoppingList_126","forceAjax","/rayon.productgridorlist.productlist_1.thumbnailproduct_0.addproducttoshoppinglist/11346?t:ac=476"],["addProductToShoppingList_127","forceAjax","/rayon.productgridorlist.productlist_1.thumbnailproduct_0.addproducttoshoppinglist/12028?t:ac=476"],["addProductToBasket_82","forceAjax","/rayon.productgridorlist.productlist_1.thumbnailproduct_0.addproducttobasket/17143?t:ac=476"],["addProductToShoppingList_128","forceAjax","/rayon.productgridorlist.productlist_1.thumbnailproduct_0.addproducttoshoppinglist/17143?t:ac=476"],["addProductToBasket_83","forceAjax","/rayon.productgridorlist.productlist_1.thumbnailproduct_0.addproducttobasket/100137?t:ac=476"],["addProductToShoppingList_129","forceAjax","/rayon.productgridorlist.productlist_1.thumbnailproduct_0.addproducttoshoppinglist/100137?t:ac=476"],["addProductToBasket_84","forceAjax","/rayon.productgridorlist.productlist_1.thumbnailproduct_0.addproducttobasket/100138?t:ac=476"],["addProductToShoppingList_130","forceAjax","/rayon.productgridorlist.productlist_1.thumbnailproduct_0.addproducttoshoppinglist/100138?t:ac=476"],["addProductToShoppingList_131","forceAjax","/rayon.productgridorlist.productlist_1.thumbnailproduct_0.addproducttoshoppinglist/61221?t:ac=476"],["addProductToBasket_85","forceAjax","/rayon.productgridorlist.productlist_1.thumbnailproduct_0.addproducttobasket/71379?t:ac=476"],["addProductToShoppingList_132","forceAjax","/rayon.productgridorlist.productlist_1.thumbnailproduct_0.addproducttoshoppinglist/71379?t:ac=476"],["addProductToShoppingList_133","forceAjax","/rayon.productgridorlist.productlist_1.thumbnailproduct_0.addproducttoshoppinglist/1382?t:ac=476"],["addProductToBasket_86","forceAjax","/rayon.productgridorlist.productlist_1.thumbnailproduct_0.addproducttobasket/50839?t:ac=476"],["addProductToShoppingList_134","forceAjax","/rayon.productgridorlist.productlist_1.thumbnailproduct_0.addproducttoshoppinglist/50839?t:ac=476"],["addProductToBasket_87","forceAjax","/rayon.productgridorlist.productlist_1.thumbnailproduct_0.addproducttobasket/50840?t:ac=476"],["addProductToShoppingList_135","forceAjax","/rayon.productgridorlist.productlist_1.thumbnailproduct_0.addproducttoshoppinglist/50840?t:ac=476"],["addProductToBasket_88","forceAjax","/rayon.productgridorlist.productlist_1.thumbnailproduct_0.addproducttobasket/56235?t:ac=476"],["addProductToShoppingList_136","forceAjax","/rayon.productgridorlist.productlist_1.thumbnailproduct_0.addproducttoshoppinglist/56235?t:ac=476"],["addProductToBasket_89","forceAjax","/rayon.productgridorlist.productlist_1.thumbnailproduct_0.addproducttobasket/56234?t:ac=476"],["addProductToShoppingList_137","forceAjax","/rayon.productgridorlist.productlist_1.thumbnailproduct_0.addproducttoshoppinglist/56234?t:ac=476"],["addProductToBasket_90","forceAjax","/rayon.productgridorlist.productlist_1.thumbnailproduct_0.addproducttobasket/48069?t:ac=476"],["addProductToShoppingList_138","forceAjax","/rayon.productgridorlist.productlist_1.thumbnailproduct_0.addproducttoshoppinglist/48069?t:ac=476"],["addProductToBasket_91","forceAjax","/rayon.productgridorlist.productlist_1.thumbnailproduct_0.addproducttobasket/1219?t:ac=476"],["addProductToShoppingList_139","forceAjax","/rayon.productgridorlist.productlist_1.thumbnailproduct_0.addproducttoshoppinglist/1219?t:ac=476"],["addProductToBasket_92","forceAjax","/rayon.productgridorlist.productlist_1.thumbnailproduct_0.addproducttobasket/100859?t:ac=476"],["addProductToShoppingList_140","forceAjax","/rayon.productgridorlist.productlist_1.thumbnailproduct_0.addproducttoshoppinglist/100859?t:ac=476"],["addProductToShoppingList_141","forceAjax","/rayon.productgridorlist.productlist_1.thumbnailproduct_0.addproducttoshoppinglist/60888?t:ac=476"],["addProductToBasket_93","forceAjax","/rayon.productgridorlist.productlist_1.thumbnailproduct_0.addproducttobasket/58910?t:ac=476"],["addProductToShoppingList_142","forceAjax","/rayon.productgridorlist.productlist_1.thumbnailproduct_0.addproducttoshoppinglist/58910?t:ac=476"],["addProductToBasket_94","forceAjax","/rayon.productgridorlist.productlist_1.thumbnailproduct_0.addproducttobasket/58380?t:ac=476"],["addProductToShoppingList_143","forceAjax","/rayon.productgridorlist.productlist_1.thumbnailproduct_0.addproducttoshoppinglist/58380?t:ac=476"],["addProductToBasket_95","forceAjax","/rayon.productgridorlist.productlist_1.thumbnailproduct_0.addproducttobasket/1320?t:ac=476"],["addProductToShoppingList_144","forceAjax","/rayon.productgridorlist.productlist_1.thumbnailproduct_0.addproducttoshoppinglist/1320?t:ac=476"],["addProductToBasket_96","forceAjax","/rayon.productgridorlist.productlist_1.thumbnailproduct_0.addproducttobasket/27948?t:ac=476"],["addProductToShoppingList_145","forceAjax","/rayon.productgridorlist.productlist_1.thumbnailproduct_0.addproducttoshoppinglist/27948?t:ac=476"],["addProductToBasket_97","forceAjax","/rayon.productgridorlist.productlist_1.thumbnailproduct_0.addproducttobasket/46479?t:ac=476"],["addProductToShoppingList_146","forceAjax","/rayon.productgridorlist.productlist_1.thumbnailproduct_0.addproducttoshoppinglist/46479?t:ac=476"],["addProductToBasket_98","forceAjax","/rayon.productgridorlist.productlist_1.thumbnailproduct_0.addproducttobasket/47113?t:ac=476"],["addProductToShoppingList_147","forceAjax","/rayon.productgridorlist.productlist_1.thumbnailproduct_0.addproducttoshoppinglist/47113?t:ac=476"],["addProductToBasket_99","forceAjax","/rayon.productgridorlist.productlist_1.thumbnailproduct_0.addproducttobasket/54876?t:ac=476"],["addProductToShoppingList_148","forceAjax","/rayon.productgridorlist.productlist_1.thumbnailproduct_0.addproducttoshoppinglist/54876?t:ac=476"],["addProductToBasket_100","forceAjax","/rayon.productgridorlist.productlist_1.thumbnailproduct_0.addproducttobasket/1213?t:ac=476"],["addProductToShoppingList_149","forceAjax","/rayon.productgridorlist.productlist_1.thumbnailproduct_0.addproducttoshoppinglist/1213?t:ac=476"],["addProductToBasket_101","forceAjax","/rayon.productgridorlist.productlist_1.thumbnailproduct_0.addproducttobasket/73774?t:ac=476"],["addProductToShoppingList_150","forceAjax","/rayon.productgridorlist.productlist_1.thumbnailproduct_0.addproducttoshoppinglist/73774?t:ac=476"],["addProductToBasket_102","forceAjax","/rayon.productgridorlist.productlist_1.thumbnailproduct_0.addproducttobasket/49527?t:ac=476"],["addProductToShoppingList_151","forceAjax","/rayon.productgridorlist.productlist_1.thumbnailproduct_0.addproducttoshoppinglist/49527?t:ac=476"],["addProductToShoppingList_152","forceAjax","/rayon.productgridorlist.productlist_1.thumbnailproduct_0.addproducttoshoppinglist/48095?t:ac=476"],["addProductToShoppingList_153","forceAjax","/rayon.productgridorlist.productlist_1.thumbnailproduct_0.addproducttoshoppinglist/48096?t:ac=476"],["addProductToShoppingList_154","forceAjax","/rayon.productgridorlist.productlist_1.thumbnailproduct_0.addproducttoshoppinglist/1932?t:ac=476"],["addProductToShoppingList_155","forceAjax","/rayon.productgridorlist.productlist_1.thumbnailproduct_0.addproducttoshoppinglist/1634?t:ac=476"],["addProductToShoppingList_156","forceAjax","/rayon.productgridorlist.productlist_1.thumbnailproduct_0.addproducttoshoppinglist/97532?t:ac=476"],["addProductToShoppingList_157","forceAjax","/rayon.productgridorlist.productlist_1.thumbnailproduct_0.addproducttoshoppinglist/34381?t:ac=476"],["addProductToShoppingList_158","forceAjax","/rayon.productgridorlist.productlist_1.thumbnailproduct_0.addproducttoshoppinglist/100289?t:ac=476"],["addProductToShoppingList_159","forceAjax","/rayon.productgridorlist.productlist_1.thumbnailproduct_0.addproducttoshoppinglist/1635?t:ac=476"],["addProductToBasket_103","forceAjax","/rayon.productgridorlist.productlist_1.thumbnailproduct_0.addproducttobasket/77137?t:ac=476"],["addProductToShoppingList_160","forceAjax","/rayon.productgridorlist.productlist_1.thumbnailproduct_0.addproducttoshoppinglist/77137?t:ac=476"],["addProductToBasket_104","forceAjax","/rayon.productgridorlist.productlist_1.thumbnailproduct_0.addproducttobasket/31558?t:ac=476"],["addProductToShoppingList_161","forceAjax","/rayon.productgridorlist.productlist_1.thumbnailproduct_0.addproducttoshoppinglist/31558?t:ac=476"],["addProductToBasket_105","forceAjax","/rayon.productgridorlist.productlist_1.thumbnailproduct_0.addproducttobasket/56263?t:ac=476"],["addProductToShoppingList_162","forceAjax","/rayon.productgridorlist.productlist_1.thumbnailproduct_0.addproducttoshoppinglist/56263?t:ac=476"],["addProductToBasket_106","forceAjax","/rayon.productgridorlist.productlist_1.thumbnailproduct_0.addproducttobasket/56265?t:ac=476"],["addProductToShoppingList_163","forceAjax","/rayon.productgridorlist.productlist_1.thumbnailproduct_0.addproducttoshoppinglist/56265?t:ac=476"],["addProductToBasket_107","forceAjax","/rayon.productgridorlist.productlist_1.thumbnailproduct_0.addproducttobasket/56569?t:ac=476"],["addProductToShoppingList_164","forceAjax","/rayon.productgridorlist.productlist_1.thumbnailproduct_0.addproducttoshoppinglist/56569?t:ac=476"],["addProductToBasket_108","forceAjax","/rayon.productgridorlist.productlist_1.thumbnailproduct_0.addproducttobasket/1655?t:ac=476"],["addProductToShoppingList_165","forceAjax","/rayon.productgridorlist.productlist_1.thumbnailproduct_0.addproducttoshoppinglist/1655?t:ac=476"],["addProductToBasket_109","forceAjax","/rayon.productgridorlist.productlist_1.thumbnailproduct_0.addproducttobasket/33709?t:ac=476"],["addProductToShoppingList_166","forceAjax","/rayon.productgridorlist.productlist_1.thumbnailproduct_0.addproducttoshoppinglist/33709?t:ac=476"],["addProductToBasket_110","forceAjax","/rayon.productgridorlist.productlist_1.thumbnailproduct_0.addproducttobasket/100714?t:ac=476"],["addProductToShoppingList_167","forceAjax","/rayon.productgridorlist.productlist_1.thumbnailproduct_0.addproducttoshoppinglist/100714?t:ac=476"],["addProductToBasket_111","forceAjax","/rayon.productgridorlist.productlist_1.thumbnailproduct_0.addproducttobasket/100061?t:ac=476"],["addProductToShoppingList_168","forceAjax","/rayon.productgridorlist.productlist_1.thumbnailproduct_0.addproducttoshoppinglist/100061?t:ac=476"],["addProductToBasket_112","forceAjax","/rayon.productgridorlist.productlist_1.thumbnailproduct_0.addproducttobasket/11270?t:ac=476"],["addProductToShoppingList_169","forceAjax","/rayon.productgridorlist.productlist_1.thumbnailproduct_0.addproducttoshoppinglist/11270?t:ac=476"],["addProductToShoppingList_170","forceAjax","/rayon.productgridorlist.productlist_1.thumbnailproduct_0.addproducttoshoppinglist/39841?t:ac=476"],["addProductToBasket_113","forceAjax","/rayon.productgridorlist.productlist_1.thumbnailproduct_0.addproducttobasket/45460?t:ac=476"],["addProductToShoppingList_171","forceAjax","/rayon.productgridorlist.productlist_1.thumbnailproduct_0.addproducttoshoppinglist/45460?t:ac=476"],["addProductToBasket_114","forceAjax","/rayon.productgridorlist.productlist_1.thumbnailproduct_0.addproducttobasket/39577?t:ac=476"],["addProductToShoppingList_172","forceAjax","/rayon.productgridorlist.productlist_1.thumbnailproduct_0.addproducttoshoppinglist/39577?t:ac=476"],["addProductToShoppingList_173","forceAjax","/rayon.productgridorlist.productlist_1.thumbnailproduct_0.addproducttoshoppinglist/42162?t:ac=476"],["addProductToBasket_115","forceAjax","/rayon.productgridorlist.productlist_1.thumbnailproduct_0.addproducttobasket/41535?t:ac=476"],["addProductToShoppingList_174","forceAjax","/rayon.productgridorlist.productlist_1.thumbnailproduct_0.addproducttoshoppinglist/41535?t:ac=476"],["addProductToShoppingList_175","forceAjax","/rayon.productgridorlist.productlist_1.thumbnailproduct_0.addproducttoshoppinglist/16647?t:ac=476"],["addProductToBasket_116","forceAjax","/rayon.productgridorlist.productlist_1.thumbnailproduct_0.addproducttobasket/58421?t:ac=476"],["addProductToShoppingList_176","forceAjax","/rayon.productgridorlist.productlist_1.thumbnailproduct_0.addproducttoshoppinglist/58421?t:ac=476"],["addProductToShoppingList_177","forceAjax","/rayon.productgridorlist.productlist_1.thumbnailproduct_0.addproducttoshoppinglist/58420?t:ac=476"],["addProductToBasket_117","forceAjax","/rayon.productgridorlist.productlist_1.thumbnailproduct_0.addproducttobasket/59414?t:ac=476"],["addProductToShoppingList_178","forceAjax","/rayon.productgridorlist.productlist_1.thumbnailproduct_0.addproducttoshoppinglist/59414?t:ac=476"],["addProductToShoppingList_179","forceAjax","/rayon.productgridorlist.productlist_1.thumbnailproduct_0.addproducttoshoppinglist/54877?t:ac=476"],["addProductToBasket_118","forceAjax","/rayon.productgridorlist.productlist_1.thumbnailproduct_0.addproducttobasket/39753?t:ac=476"],["addProductToShoppingList_180","forceAjax","/rayon.productgridorlist.productlist_1.thumbnailproduct_0.addproducttoshoppinglist/39753?t:ac=476"],["addProductToBasket_119","forceAjax","/rayon.productgridorlist.productlist_1.thumbnailproduct_0.addproducttobasket/100689?t:ac=476"],["addProductToShoppingList_181","forceAjax","/rayon.productgridorlist.productlist_1.thumbnailproduct_0.addproducttoshoppinglist/100689?t:ac=476"],["addProductToBasket_120","forceAjax","/rayon.productgridorlist.productlist_1.thumbnailproduct_0.addproducttobasket/16934?t:ac=476"],["addProductToShoppingList_182","forceAjax","/rayon.productgridorlist.productlist_1.thumbnailproduct_0.addproducttoshoppinglist/16934?t:ac=476"],["addProductToBasket_121","forceAjax","/rayon.productgridorlist.productlist_1.thumbnailproduct_0.addproducttobasket/47386?t:ac=476"],["addProductToShoppingList_183","forceAjax","/rayon.productgridorlist.productlist_1.thumbnailproduct_0.addproducttoshoppinglist/47386?t:ac=476"],["addProductToBasket_122","forceAjax","/rayon.productgridorlist.productlist_1.thumbnailproduct_0.addproducttobasket/49899?t:ac=476"],["addProductToShoppingList_184","forceAjax","/rayon.productgridorlist.productlist_1.thumbnailproduct_0.addproducttoshoppinglist/49899?t:ac=476"],["addProductToBasket_123","forceAjax","/rayon.productgridorlist.productlist_1.thumbnailproduct_0.addproducttobasket/55131?t:ac=476"],["addProductToShoppingList_185","forceAjax","/rayon.productgridorlist.productlist_1.thumbnailproduct_0.addproducttoshoppinglist/55131?t:ac=476"],["addProductToBasket_124","forceAjax","/rayon.productgridorlist.productlist_1.thumbnailproduct_0.addproducttobasket/97475?t:ac=476"],["addProductToShoppingList_186","forceAjax","/rayon.productgridorlist.productlist_1.thumbnailproduct_0.addproducttoshoppinglist/97475?t:ac=476"],["addProductToBasket_125","forceAjax","/rayon.productgridorlist.productlist_1.thumbnailproduct_0.addproducttobasket/1347?t:ac=476"],["addProductToShoppingList_187","forceAjax","/rayon.productgridorlist.productlist_1.thumbnailproduct_0.addproducttoshoppinglist/1347?t:ac=476"],["addProductToBasket_126","forceAjax","/rayon.productgridorlist.productlist_1.thumbnailproduct_0.addproducttobasket/1348?t:ac=476"],["addProductToShoppingList_188","forceAjax","/rayon.productgridorlist.productlist_1.thumbnailproduct_0.addproducttoshoppinglist/1348?t:ac=476"],["addProductToBasket_127","forceAjax","/rayon.productgridorlist.productlist_1.thumbnailproduct_0.addproducttobasket/37429?t:ac=476"],["addProductToShoppingList_189","forceAjax","/rayon.productgridorlist.productlist_1.thumbnailproduct_0.addproducttoshoppinglist/37429?t:ac=476"],["addProductToBasket_128","forceAjax","/rayon.productgridorlist.productlist_1.thumbnailproduct_0.addproducttobasket/30658?t:ac=476"],["addProductToShoppingList_190","forceAjax","/rayon.productgridorlist.productlist_1.thumbnailproduct_0.addproducttoshoppinglist/30658?t:ac=476"],["addProductToBasket_129","forceAjax","/rayon.productgridorlist.productlist_1.thumbnailproduct_0.addproducttobasket/1460?t:ac=476"],["addProductToShoppingList_191","forceAjax","/rayon.productgridorlist.productlist_1.thumbnailproduct_0.addproducttoshoppinglist/1460?t:ac=476"],["addProductToShoppingList_192","forceAjax","/rayon.productgridorlist.productlist_1.thumbnailproduct_0.addproducttoshoppinglist/1459?t:ac=476"],["addProductToBasket_130","forceAjax","/rayon.productgridorlist.productlist_1.thumbnailproduct_0.addproducttobasket/1209?t:ac=476"],["addProductToShoppingList_193","forceAjax","/rayon.productgridorlist.productlist_1.thumbnailproduct_0.addproducttoshoppinglist/1209?t:ac=476"],["addProductToBasket_131","forceAjax","/rayon.productgridorlist.productlist_1.thumbnailproduct_0.addproducttobasket/34113?t:ac=476"],["addProductToShoppingList_194","forceAjax","/rayon.productgridorlist.productlist_1.thumbnailproduct_0.addproducttoshoppinglist/34113?t:ac=476"],["addProductToShoppingList_195","forceAjax","/rayon.productgridorlist.productlist_1.thumbnailproduct_0.addproducttoshoppinglist/40536?t:ac=476"],["addProductToBasket_132","forceAjax","/rayon.productgridorlist.productlist_1.thumbnailproduct_0.addproducttobasket/28460?t:ac=476"],["addProductToShoppingList_196","forceAjax","/rayon.productgridorlist.productlist_1.thumbnailproduct_0.addproducttoshoppinglist/28460?t:ac=476"],["addProductToBasket_133","forceAjax","/rayon.productgridorlist.productlist_1.thumbnailproduct_0.addproducttobasket/27905?t:ac=476"],["addProductToShoppingList_197","forceAjax","/rayon.productgridorlist.productlist_1.thumbnailproduct_0.addproducttoshoppinglist/27905?t:ac=476"],["addProductToBasket_134","forceAjax","/rayon.productgridorlist.productlist_1.thumbnailproduct_0.addproducttobasket/5478?t:ac=476"],["addProductToShoppingList_198","forceAjax","/rayon.productgridorlist.productlist_1.thumbnailproduct_0.addproducttoshoppinglist/5478?t:ac=476"],["addProductToBasket_135","forceAjax","/rayon.productgridorlist.productlist_1.thumbnailproduct_0.addproducttobasket/1210?t:ac=476"],["addProductToShoppingList_199","forceAjax","/rayon.productgridorlist.productlist_1.thumbnailproduct_0.addproducttoshoppinglist/1210?t:ac=476"],["addProductToBasket_136","forceAjax","/rayon.productgridorlist.productlist_1.thumbnailproduct_0.addproducttobasket/40541?t:ac=476"],["addProductToShoppingList_200","forceAjax","/rayon.productgridorlist.productlist_1.thumbnailproduct_0.addproducttoshoppinglist/40541?t:ac=476"],["addProductToShoppingList_201","forceAjax","/rayon.productgridorlist.productlist_1.thumbnailproduct_0.addproducttoshoppinglist/100309?t:ac=476"],["addProductToBasket_137","forceAjax","/rayon.productgridorlist.productlist_1.thumbnailproduct_0.addproducttobasket/100853?t:ac=476"],["addProductToShoppingList_202","forceAjax","/rayon.productgridorlist.productlist_1.thumbnailproduct_0.addproducttoshoppinglist/100853?t:ac=476"],["addProductToBasket_138","forceAjax","/rayon.productgridorlist.productlist_1.thumbnailproduct_0.addproducttobasket/32760?t:ac=476"],["addProductToShoppingList_203","forceAjax","/rayon.productgridorlist.productlist_1.thumbnailproduct_0.addproducttoshoppinglist/32760?t:ac=476"],["addProductToBasket_139","forceAjax","/rayon.productgridorlist.productlist_1.thumbnailproduct_0.addproducttobasket/18110?t:ac=476"],["addProductToShoppingList_204","forceAjax","/rayon.productgridorlist.productlist_1.thumbnailproduct_0.addproducttoshoppinglist/18110?t:ac=476"],["addProductToShoppingList_205","forceAjax","/rayon.productgridorlist.productlist_1.thumbnailproduct_0.addproducttoshoppinglist/5349?t:ac=476"],["addProductToBasket_140","forceAjax","/rayon.productgridorlist.productlist_1.thumbnailproduct_0.addproducttobasket/95833?t:ac=476"],["addProductToShoppingList_206","forceAjax","/rayon.productgridorlist.productlist_1.thumbnailproduct_0.addproducttoshoppinglist/95833?t:ac=476"],["addProductToBasket_141","forceAjax","/rayon.productgridorlist.productlist_1.thumbnailproduct_0.addproducttobasket/15824?t:ac=476"],["addProductToShoppingList_207","forceAjax","/rayon.productgridorlist.productlist_1.thumbnailproduct_0.addproducttoshoppinglist/15824?t:ac=476"],["addProductToBasket_142","forceAjax","/rayon.productgridorlist.productlist_1.thumbnailproduct_0.addproducttobasket/15825?t:ac=476"],["addProductToShoppingList_208","forceAjax","/rayon.productgridorlist.productlist_1.thumbnailproduct_0.addproducttoshoppinglist/15825?t:ac=476"],["addProductToBasket_143","forceAjax","/rayon.productgridorlist.productlist_1.thumbnailproduct_0.addproducttobasket/16649?t:ac=476"],["addProductToShoppingList_209","forceAjax","/rayon.productgridorlist.productlist_1.thumbnailproduct_0.addproducttoshoppinglist/16649?t:ac=476"],["addProductToBasket_144","forceAjax","/rayon.productgridorlist.productlist_1.thumbnailproduct_0.addproducttobasket/1506?t:ac=476"],["addProductToShoppingList_210","forceAjax","/rayon.productgridorlist.productlist_1.thumbnailproduct_0.addproducttoshoppinglist/1506?t:ac=476"],["addProductToShoppingList_211","forceAjax","/rayon.productgridorlist.productlist_1.thumbnailproduct_0.addproducttoshoppinglist/100845?t:ac=476"],["addProductToBasket_145","forceAjax","/rayon.productgridorlist.productlist_1.thumbnailproduct_0.addproducttobasket/46885?t:ac=476"],["addProductToShoppingList_212","forceAjax","/rayon.productgridorlist.productlist_1.thumbnailproduct_0.addproducttoshoppinglist/46885?t:ac=476"],["addProductToBasket_146","forceAjax","/rayon.productgridorlist.productlist_1.thumbnailproduct_0.addproducttobasket/100854?t:ac=476"],["addProductToShoppingList_213","forceAjax","/rayon.productgridorlist.productlist_1.thumbnailproduct_0.addproducttoshoppinglist/100854?t:ac=476"],["addProductToBasket_147","forceAjax","/rayon.productgridorlist.productlist_1.thumbnailproduct_0.addproducttobasket/49219?t:ac=476"],["addProductToShoppingList_214","forceAjax","/rayon.productgridorlist.productlist_1.thumbnailproduct_0.addproducttoshoppinglist/49219?t:ac=476"],["addProductToBasket_148","forceAjax","/rayon.productgridorlist.productlist_1.thumbnailproduct_0.addproducttobasket/47548?t:ac=476"],["addProductToShoppingList_215","forceAjax","/rayon.productgridorlist.productlist_1.thumbnailproduct_0.addproducttoshoppinglist/47548?t:ac=476"],["addProductToShoppingList_216","forceAjax","/rayon.productgridorlist.productlist_1.thumbnailproduct_0.addproducttoshoppinglist/100988?t:ac=476"],["addProductToShoppingList_217","forceAjax","/rayon.productgridorlist.productlist_1.thumbnailproduct_0.addproducttoshoppinglist/54109?t:ac=476"],["addProductToShoppingList_218","forceAjax","/rayon.productgridorlist.productlist_1.thumbnailproduct_0.addproducttoshoppinglist/54111?t:ac=476"],["addProductToBasket_149","forceAjax","/rayon.productgridorlist.productlist_1.thumbnailproduct_0.addproducttobasket/28883?t:ac=476"],["addProductToShoppingList_219","forceAjax","/rayon.productgridorlist.productlist_1.thumbnailproduct_0.addproducttoshoppinglist/28883?t:ac=476"],["addProductToShoppingList_220","forceAjax","/rayon.productgridorlist.productlist_1.thumbnailproduct_0.addproducttoshoppinglist/24009?t:ac=476"],["addProductToShoppingList_221","forceAjax","/rayon.productgridorlist.productlist_1.thumbnailproduct_0.addproducttoshoppinglist/23339?t:ac=476"],["addProductToBasket_150","forceAjax","/rayon.productgridorlist.productlist_1.thumbnailproduct_0.addproducttobasket/74150?t:ac=476"],["addProductToShoppingList_222","forceAjax","/rayon.productgridorlist.productlist_1.thumbnailproduct_0.addproducttoshoppinglist/74150?t:ac=476"],["addProductToBasket_151","forceAjax","/rayon.productgridorlist.productlist_1.thumbnailproduct_0.addproducttobasket/97065?t:ac=476"],["addProductToShoppingList_223","forceAjax","/rayon.productgridorlist.productlist_1.thumbnailproduct_0.addproducttoshoppinglist/97065?t:ac=476"],["addProductToShoppingList_224","forceAjax","/rayon.productgridorlist.productlist_1.thumbnailproduct_0.addproducttoshoppinglist/100563?t:ac=476"],["addProductToBasket_152","forceAjax","/rayon.productgridorlist.productlist_1.thumbnailproduct_0.addproducttobasket/45780?t:ac=476"],["addProductToShoppingList_225","forceAjax","/rayon.productgridorlist.productlist_1.thumbnailproduct_0.addproducttoshoppinglist/45780?t:ac=476"],["addProductToBasket_153","forceAjax","/rayon.productgridorlist.productlist_1.thumbnailproduct_0.addproducttobasket/100564?t:ac=476"],["addProductToShoppingList_226","forceAjax","/rayon.productgridorlist.productlist_1.thumbnailproduct_0.addproducttoshoppinglist/100564?t:ac=476"],["addProductToBasket_154","forceAjax","/rayon.productgridorlist.productlist_1.thumbnailproduct_0.addproducttobasket/92279?t:ac=476"],["addProductToShoppingList_227","forceAjax","/rayon.productgridorlist.productlist_1.thumbnailproduct_0.addproducttoshoppinglist/92279?t:ac=476"],["addProductToBasket_155","forceAjax","/rayon.productgridorlist.productlist_1.thumbnailproduct_0.addproducttobasket/92280?t:ac=476"],["addProductToShoppingList_228","forceAjax","/rayon.productgridorlist.productlist_1.thumbnailproduct_0.addproducttoshoppinglist/92280?t:ac=476"],["addProductToBasket_156","forceAjax","/rayon.productgridorlist.productlist_1.thumbnailproduct_0.addproducttobasket/92287?t:ac=476"],["addProductToShoppingList_229","forceAjax","/rayon.productgridorlist.productlist_1.thumbnailproduct_0.addproducttoshoppinglist/92287?t:ac=476"],["addProductToBasket_157","forceAjax","/rayon.productgridorlist.productlist_1.thumbnailproduct_0.addproducttobasket/92288?t:ac=476"],["addProductToShoppingList_230","forceAjax","/rayon.productgridorlist.productlist_1.thumbnailproduct_0.addproducttoshoppinglist/92288?t:ac=476"],["addProductToBasket_158","forceAjax","/rayon.productgridorlist.productlist_1.thumbnailproduct_0.addproducttobasket/92270?t:ac=476"],["addProductToShoppingList_231","forceAjax","/rayon.productgridorlist.productlist_1.thumbnailproduct_0.addproducttoshoppinglist/92270?t:ac=476"],["addProductToBasket_159","forceAjax","/rayon.productgridorlist.productlist_1.thumbnailproduct_0.addproducttobasket/92269?t:ac=476"],["addProductToShoppingList_232","forceAjax","/rayon.productgridorlist.productlist_1.thumbnailproduct_0.addproducttoshoppinglist/92269?t:ac=476"],["addProductToBasket_160","forceAjax","/rayon.productgridorlist.productlist_1.thumbnailproduct_0.addproducttobasket/96006?t:ac=476"],["addProductToShoppingList_233","forceAjax","/rayon.productgridorlist.productlist_1.thumbnailproduct_0.addproducttoshoppinglist/96006?t:ac=476"],["addProductToShoppingList_234","forceAjax","/rayon.productgridorlist.productlist_1.thumbnailproduct_0.addproducttoshoppinglist/29101?t:ac=476"],["addProductToBasket_161","forceAjax","/rayon.productgridorlist.productlist_1.thumbnailproduct_0.addproducttobasket/61371?t:ac=476"],["addProductToShoppingList_235","forceAjax","/rayon.productgridorlist.productlist_1.thumbnailproduct_0.addproducttoshoppinglist/61371?t:ac=476"],["addProductToShoppingList_236","forceAjax","/rayon.productgridorlist.productlist_1.thumbnailproduct_0.addproducttoshoppinglist/61369?t:ac=476"],["addProductToBasket_162","forceAjax","/rayon.productgridorlist.productlist_1.thumbnailproduct_0.addproducttobasket/100873?t:ac=476"],["addProductToShoppingList_237","forceAjax","/rayon.productgridorlist.productlist_1.thumbnailproduct_0.addproducttoshoppinglist/100873?t:ac=476"],["addProductToShoppingList_238","forceAjax","/rayon.productgridorlist.productlist_1.thumbnailproduct_0.addproducttoshoppinglist/4136?t:ac=476"],["addProductToShoppingList_239","forceAjax","/rayon.productgridorlist.productlist_1.thumbnailproduct_0.addproducttoshoppinglist/5309?t:ac=476"],["addProductToShoppingList_240","forceAjax","/rayon.productgridorlist.productlist_1.thumbnailproduct_0.addproducttoshoppinglist/33698?t:ac=476"],["addProductToShoppingList_241","forceAjax","/rayon.productgridorlist.productlist_1.thumbnailproduct_0.addproducttoshoppinglist/33700?t:ac=476"],["addProductToShoppingList_242","forceAjax","/rayon.productgridorlist.productlist_1.thumbnailproduct_0.addproducttoshoppinglist/60821?t:ac=476"],["addProductToBasket_163","forceAjax","/rayon.productgridorlist.productlist_1.thumbnailproduct_0.addproducttobasket/58897?t:ac=476"],["addProductToShoppingList_243","forceAjax","/rayon.productgridorlist.productlist_1.thumbnailproduct_0.addproducttoshoppinglist/58897?t:ac=476"],["addProductToBasket_164","forceAjax","/rayon.productgridorlist.productlist_1.thumbnailproduct_0.addproducttobasket/18087?t:ac=476"],["addProductToShoppingList_244","forceAjax","/rayon.productgridorlist.productlist_1.thumbnailproduct_0.addproducttoshoppinglist/18087?t:ac=476"],["addProductToBasket_165","forceAjax","/rayon.productgridorlist.productlist_1.thumbnailproduct_0.addproducttobasket/48339?t:ac=476"],["addProductToShoppingList_245","forceAjax","/rayon.productgridorlist.productlist_1.thumbnailproduct_0.addproducttoshoppinglist/48339?t:ac=476"],["addProductToBasket_166","forceAjax","/rayon.productgridorlist.productlist_1.thumbnailproduct_0.addproducttobasket/28720?t:ac=476"],["addProductToShoppingList_246","forceAjax","/rayon.productgridorlist.productlist_1.thumbnailproduct_0.addproducttoshoppinglist/28720?t:ac=476"],["addProductToBasket_167","forceAjax","/rayon.productgridorlist.productlist_1.thumbnailproduct_0.addproducttobasket/59658?t:ac=476"],["addProductToShoppingList_247","forceAjax","/rayon.productgridorlist.productlist_1.thumbnailproduct_0.addproducttoshoppinglist/59658?t:ac=476"],["addProductToShoppingList_248","forceAjax","/rayon.productgridorlist.productlist_1.thumbnailproduct_0.addproducttoshoppinglist/4138?t:ac=476"],["addProductToBasket_168","forceAjax","/rayon.productgridorlist.productlist_1.thumbnailproduct_0.addproducttobasket/61008?t:ac=476"],["addProductToShoppingList_249","forceAjax","/rayon.productgridorlist.productlist_1.thumbnailproduct_0.addproducttoshoppinglist/61008?t:ac=476"],["addProductToBasket_169","forceAjax","/rayon.productgridorlist.productlist_1.thumbnailproduct_0.addproducttobasket/60027?t:ac=476"],["addProductToShoppingList_250","forceAjax","/rayon.productgridorlist.productlist_1.thumbnailproduct_0.addproducttoshoppinglist/60027?t:ac=476"],["addProductToBasket_170","forceAjax","/rayon.productgridorlist.productlist_1.thumbnailproduct_0.addproducttobasket/61370?t:ac=476"],["addProductToShoppingList_251","forceAjax","/rayon.productgridorlist.productlist_1.thumbnailproduct_0.addproducttoshoppinglist/61370?t:ac=476"],["addProductToBasket_171","forceAjax","/rayon.productgridorlist.productlist_1.thumbnailproduct_0.addproducttobasket/46186?t:ac=476"],["addProductToShoppingList_252","forceAjax","/rayon.productgridorlist.productlist_1.thumbnailproduct_0.addproducttoshoppinglist/46186?t:ac=476"],["addProductToShoppingList_253","forceAjax","/rayon.productgridorlist.productlist_1.thumbnailproduct_0.addproducttoshoppinglist/78276?t:ac=476"],["addProductToShoppingList_254","forceAjax","/rayon.productgridorlist.productlist_1.thumbnailproduct_0.addproducttoshoppinglist/6725?t:ac=476"],["addProductToShoppingList_255","forceAjax","/rayon.productgridorlist.productlist_1.thumbnailproduct_0.addproducttoshoppinglist/6724?t:ac=476"],["addProductToShoppingList_256","forceAjax","/rayon.productgridorlist.productlist_1.thumbnailproduct_0.addproducttoshoppinglist/22454?t:ac=476"],["addProductToShoppingList_257","forceAjax","/rayon.productgridorlist.productlist_1.thumbnailproduct_0.addproducttoshoppinglist/4139?t:ac=476"],["addProductToBasket_172","forceAjax","/rayon.productgridorlist.productlist_1.thumbnailproduct_0.addproducttobasket/23680?t:ac=476"],["addProductToShoppingList_258","forceAjax","/rayon.productgridorlist.productlist_1.thumbnailproduct_0.addproducttoshoppinglist/23680?t:ac=476"],["addProductToBasket_173","forceAjax","/rayon.productgridorlist.productlist_1.thumbnailproduct_0.addproducttobasket/57992?t:ac=476"],["addProductToShoppingList_259","forceAjax","/rayon.productgridorlist.productlist_1.thumbnailproduct_0.addproducttoshoppinglist/57992?t:ac=476"],["addProductToBasket_174","forceAjax","/rayon.productgridorlist.productlist_1.thumbnailproduct_0.addproducttobasket/46308?t:ac=476"],["addProductToShoppingList_260","forceAjax","/rayon.productgridorlist.productlist_1.thumbnailproduct_0.addproducttoshoppinglist/46308?t:ac=476"],["addProductToBasket_175","forceAjax","/rayon.productgridorlist.productlist_1.thumbnailproduct_0.addproducttobasket/42823?t:ac=476"],["addProductToShoppingList_261","forceAjax","/rayon.productgridorlist.productlist_1.thumbnailproduct_0.addproducttoshoppinglist/42823?t:ac=476"],["addProductToShoppingList_262","forceAjax","/rayon.productgridorlist.productlist_1.thumbnailproduct_0.addproducttoshoppinglist/61345?t:ac=476"],["addProductToShoppingList_263","forceAjax","/rayon.productgridorlist.productlist_1.thumbnailproduct_0.addproducttoshoppinglist/53790?t:ac=476"],["addProductToBasket_176","forceAjax","/rayon.productgridorlist.productlist_1.thumbnailproduct_0.addproducttobasket/53792?t:ac=476"],["addProductToShoppingList_264","forceAjax","/rayon.productgridorlist.productlist_1.thumbnailproduct_0.addproducttoshoppinglist/53792?t:ac=476"],["addProductToShoppingList_265","forceAjax","/rayon.productgridorlist.productlist_1.thumbnailproduct_0.addproducttoshoppinglist/53793?t:ac=476"],["addProductToBasket_177","forceAjax","/rayon.productgridorlist.productlist_1.thumbnailproduct_0.addproducttobasket/53791?t:ac=476"],["addProductToShoppingList_266","forceAjax","/rayon.productgridorlist.productlist_1.thumbnailproduct_0.addproducttoshoppinglist/53791?t:ac=476"],["addProductToShoppingList_267","forceAjax","/rayon.productgridorlist.productlist_1.thumbnailproduct_0.addproducttoshoppinglist/96004?t:ac=476"],["addProductToBasket_178","forceAjax","/rayon.productgridorlist.productlist_1.thumbnailproduct_0.addproducttobasket/96005?t:ac=476"],["addProductToShoppingList_268","forceAjax","/rayon.productgridorlist.productlist_1.thumbnailproduct_0.addproducttoshoppinglist/96005?t:ac=476"],["addProductToBasket_179","forceAjax","/rayon.productgridorlist.productlist_1.thumbnailproduct_0.addproducttobasket/95939?t:ac=476"],["addProductToShoppingList_269","forceAjax","/rayon.productgridorlist.productlist_1.thumbnailproduct_0.addproducttoshoppinglist/95939?t:ac=476"],["suggestionPopup","forceAjax","/rayon.suggestionpopup?t:ac=476"],["eventlink","forceAjax","/rayon.customerinfos:showsigninpopup?t:ac=476"],["registerPopup","forceAjax","/rayon.customerinfos.registerpopup?t:ac=476"],["popupAuth","forceAjax","/rayon.customerinfos.popupauth?t:ac=476"],["showSlotTab","forceAjax","/rayon.customerinfos.slotinfo.showslottab?t:ac=476"],["basket","forceAjax","/rayon.customerinfos.basket?t:ac=476"],["lists","forceAjax","/rayon.customerinfos.lists?t:ac=476"],["topBasket","forceAjax","/rayon.customerinfos.topbasket?t:ac=476"],["validateBasket","forceAjax","/rayon.customerinfos.minibasket.validatebasket?t:ac=476"]]});
});
</script></body></html>