<!DOCTYPE html PUBLIC "-//W3C//DTD XHTML 1.0 Strict//EN" "http://www.w3.org/TR/xhtml1/DTD/xhtml1-strict.dtd"><html xmlns="http://www.w3.org/1999/xhtml"><head><meta content="text/html; charset=utf-8" http-equiv="content-type"></meta><title>Vente PROMOTIONS en ligne - Auchandirect.fr</title><!-- correction d'un bug de compatibilité tapestry/IE9 --><meta content="IE=EmulateIE8" http-equiv="X-UA-Compatible"></meta><meta content="Faites vos courses en ligne sur Auchandirect.fr! PROMOTIONS en livraison 24h dans les régions de Paris, Lyon, Marseille, Toulouse et Lille." name="description"></meta><meta content="index, follow" name="robots"></meta><meta content="0" http-equiv="expires"></meta><meta content="no-cache" http-equiv="pragma"></meta><meta content="no-store, no-cache, must-revalidate" http-equiv="cache-control"></meta><link type="text/css" rel="stylesheet" href="http://www.refonte.auchandirect.fr/assets/tapestry/5.1.0.5/default.css"></link><link type="text/css" rel="stylesheet" href="http://www.refonte.auchandirect.fr/assets/ctx/cb0cdd30e165aaa4/static/css/auchan_surcharge.css"></link><link type="text/css" rel="stylesheet" href="http://www.refonte.auchandirect.fr/assets/ctx/cb0cdd30e165aaa4/static/css/styles.css"></link><link type="text/css" rel="stylesheet" href="http://www.refonte.auchandirect.fr/assets/ctx/cb0cdd30e165aaa4/static/css/common.css"></link><link media="screen" href="http://www.refonte.auchandirect.fr/static/fancybox/jquery.fancybox-1.3.4.css" type="text/css" rel="stylesheet"></link><!--[if lte IE 7]><style type="text/css">div#engagements .item .item-picto, div#engagements
.item .item-texte, div#engagements-long .item .item-picto,
div#engagements-long .item .item-texte { display: inline; zoom:1; }</style><link media="all" type="text/css" href="/static/css/ie7.css" rel="stylesheet"></link><![endif]--><!--[if lte IE 8]><link media="all" type="text/css" href="/static/css/ie8.css" rel="stylesheet"></link><![endif]--><!--[if lte IE 9]><style type="text/css">
.liste-produits-menu a.active , .liste-produits-menu a:hover{
filter: none;}
</style><![endif]--><!--[if IE]><link media="all" type="text/css" href="/static/css/ie.css" rel="stylesheet"></link><![endif]--><script src="http://www.refonte.auchandirect.fr/assets/scriptaculous/5.1.0.5/prototype.js" type="text/javascript"></script><script src="http://www.refonte.auchandirect.fr/assets/scriptaculous/5.1.0.5/scriptaculous.js" type="text/javascript"></script><script src="http://www.refonte.auchandirect.fr/assets/scriptaculous/5.1.0.5/effects.js" type="text/javascript"></script><script src="http://www.refonte.auchandirect.fr/assets/tapestry/5.1.0.5/tapestry.js" type="text/javascript"></script><script src="http://www.refonte.auchandirect.fr/assets/tapestry/5.1.0.5/tapestry-messages.js" type="text/javascript"></script><script src="http://www.refonte.auchandirect.fr/assets/ctx/cb0cdd30e165aaa4/static/scripts/tapestry-patch.js" type="text/javascript"></script><script src="http://www.refonte.auchandirect.fr/assets/ctx/cb0cdd30e165aaa4/static/scripts/jquery.min.js" type="text/javascript"></script><script src="http://www.refonte.auchandirect.fr/assets/ctx/cb0cdd30e165aaa4/static/scripts/jquery.tools.min.js" type="text/javascript"></script><script src="http://www.refonte.auchandirect.fr/assets/ctx/cb0cdd30e165aaa4/static/fancybox/jquery.fancybox-1.3.4.js" type="text/javascript"></script><script src="http://www.refonte.auchandirect.fr/assets/ctx/cb0cdd30e165aaa4/static/scripts/cacom-custom-lib.js" type="text/javascript"></script><script src="http://www.refonte.auchandirect.fr/assets/ctx/cb0cdd30e165aaa4/static/fancybox/jquery.mousewheel-3.0.4.pack.js" type="text/javascript"></script><script src="http://www.refonte.auchandirect.fr/assets/ctx/cb0cdd30e165aaa4/static/scripts/common.js" type="text/javascript"></script><script src="http://www.refonte.auchandirect.fr/assets/ctx/cb0cdd30e165aaa4/static/scripts/ZoneUpdater.js" type="text/javascript"></script><script src="http://www.refonte.auchandirect.fr/assets/ctx/cb0cdd30e165aaa4/static/scripts/jquery.carouFredSel-5.5.0-packed.js" type="text/javascript"></script><script type="text/javascript" language="javascript">
var j = jQuery.noConflict();
j(function() {
j("#foo2").carouFredSel({
circular: true,
infinite: false,
auto : true,
scroll : {
items : "page"
},
prev : {
button : "#foo2_prev",
key : "left"
},
next : {
button : "#foo2_next",
key : "right"
},
pagination : "#foo2_pag"
});
if($(".caroufredsel_wrapper")!=null)
$(".caroufredsel_wrapper").css({
'height': '246px'
});
if($(".page_famille_carrousel")!=null)
$(".page_famille_carrousel").css({
'overflow': 'hidden'
});
});
</script></head><body style="background : url('http://www.refonte.auchandirect.fr/static/habillagejanvier.JPG') repeat-x;
background-position : top center;
"><div class="fiche-produit" id="page"><div id="tetiere"><div id="logo"><!-- HEADER_LOGO --><div id="logo">
<a href="index.html" title="accueil"><img src="http://www.refonte.auchandirect.fr/static/images/logo-auchan.jpg" alt="Accueil" /></a>
</div>
</div><div id="pub"><?xml version="1.0" encoding="UTF-8"?><a  href="commander/identification.signin.forgetpwdpopup.html"  title="Inscrivez-vous et bénéficiez de la 1ere livraison offerte avec le code BIENVENUE dès 120€ d'achats"><img src="http://www.refonte.auchandirect.fr/img/display/000/000/530/5301.jpg" /></a>
</div><!-- HEADER_HAUT_DROIT --><!-- <t:outputraw value="headerHauteDroit" /> --><div id="newsletter"><h3>Newsletter</h3><a id="newsLetterPopup" onclick="javascript:Tapestry.waitForPage(event);" href="rayon.pagetemplate.header.headertop.newsletterpopup%3Ft:ac=promos.html">Inscrivez-vous vite !</a></div></div><div id="menu-top"><div id="menu-promos"><ul class="menu menu-horizontal"><li><a title="promos" class="menu-top-promos" href="rayon.customerinfos.minibasket.validatebasket%3Ft:ac=promos.html">Promotions</a></li><li><a title="nouveautes" class="menu-top-nouveautes" href="nouveaut%25C3%25A9s/id0/nouveautes.html">Nouveautés</a></li></ul></div><div id="bloc-recherche"><form onsubmit="javascript:Tapestry.waitForPage(event);" action="http://www.refonte.auchandirect.fr/rayon.pagetemplate.header.headermenutop.searchform" method="post" id="searchForm" name="searchForm"><div class="t-invisible"><input value="promos" name="t:ac" type="hidden"></input><input value="H4sIAAAAAAAAAJ2QoU4DQRBAp03A1JHwB2C3CGrAUAGqIaQXPmBub7jbZndn2Z2D1mD4DwyW8BMVOP6hhmCQoBBce3UkJEVNMsnMe3lPH7B1ewBqjDP2RwFLEnLBopCqCAuK6+HI18JBJcKoqxRhwLFUGFBXpAQDJYmzgdIcyZpc5ZhIDfNmiVrODNliLyOpw/7lvLfYffnuQmcEPc1eIttzdCSwM5rgDfYt+rKfSTS+PJ4Gge2W+C/H4aaOF5E1pZTVuTMpGfbz5+Lw6uvhtQswDRs5LF9I43Dyp4NmF9iTl6RWUPmt8LYYf96fPr63ychSg5Blsmu4g06baHX6A/6kTBjLAQAA" name="t:formdata" type="hidden"></input></div><div><input title="recherche" class="texte-recherche" value="Rechercher" id="search" name="search" type="text"></input><img id="search-icon" class="t-error-icon t-invisible" alt="" src="http://www.refonte.auchandirect.fr/assets/tapestry/5.1.0.5/spacer.gif"/><input value="OK" class="recherche-submit" name="submit" type="submit"></input></div></form></div></div><div id="menu" class="float-container"><ul id="menu-principal" class="menu menu-horizontal"><li><a class="first" title="RR1002" href="rayon.customerinfos.minibasket.validatebasket%3Ft:ac=promos.html#">Marché</a><div class="hovered_big_menu" id="4042"><div class="menu-panel"><div class="menu-listes-container float-container"><div class="menu-listes"><ul class="menu menu-horizontal menu_left"><li><h3><a title="RR2007" rel="page-461" href="sousfamille.customerinfos.minibasket.validatebasket%3Ft:ac=404%252F461.html">Fruits</a></h3><ul class="menu"><li><a href="march%25C3%25A9/fruits/fruits-de-saison/id0/592.html">Fruits de saison </a></li><li><a href="march%25C3%25A9/fruits/agrumes/id0/444663.html">Agrumes</a></li><li><a href="march%25C3%25A9/fruits/bananes,-fruits-exotiques/id0/589.html">Bananes, Fruits exotiques</a></li><li><a href="march%25C3%25A9/fruits/pommes,-poires/id0/593.html">Pommes, Poires</a></li><li><a href="march%25C3%25A9/fruits/fruits-rouges/id0/590.html">Fruits rouges</a></li><li><a href="march%25C3%25A9/fruits/fruits-%25C3%25A0-noyau,-raisins/id0/596.html">Fruits à Noyau, Raisins</a></li><li><a href="march%25C3%25A9/fruits/fruits-secs-et-pr%25C3%25AAts-%25C3%25A0-l'emploi/id0/595.html">Fruits Secs et Prêts à l'Emploi</a></li><li><a href="march%25C3%25A9/fruits/jus-de-fruits-frais/id0/100371.html">Jus de Fruits frais</a></li></ul></li><li><h3><a title="RR2006" rel="page-463" href="id3/404/463.html">Légumes</a></h3><ul class="menu"><li><a href="march%25C3%25A9/l%25C3%25A9gumes/l%25C3%25A9gumes-de-saison/id0/431975.html">Légumes de saison</a></li><li><a href="march%25C3%25A9/l%25C3%25A9gumes/salades,-endives,-herbes-aromatiques/id0/585.html">Salades, Endives, Herbes aromatiques</a></li><li><a href="march%25C3%25A9/l%25C3%25A9gumes/tomates/id0/82017.html">Tomates</a></li><li><a href="march%25C3%25A9/l%25C3%25A9gumes/aubergines,-courgettes,-poivrons/id0/583.html">Aubergines, Courgettes, Poivrons</a></li><li><a href="march%25C3%25A9/l%25C3%25A9gumes/avocats,-concombres,-radis,-celeris/id0/581.html">Avocats, Concombres, Radis, Celeris</a></li><li><a href="march%25C3%25A9/l%25C3%25A9gumes/carottes,-poireaux,-navets,-potirons,-choux/id0/580.html">Carottes, Poireaux, Navets, Potirons, Choux</a></li><li><a href="march%25C3%25A9/l%25C3%25A9gumes/l%25C3%25A9gumes-verts,-asperges,-champignons/id0/579.html">Légumes verts, Asperges, Champignons</a></li><li><a href="march%25C3%25A9/l%25C3%25A9gumes/pommes-de-terre/id0/584.html">Pommes de Terre</a></li><li><a href="march%25C3%25A9/l%25C3%25A9gumes/ails,-oignons,-echalotes/id0/587.html">Ails, Oignons, Echalotes</a></li><li><a href="march%25C3%25A9/l%25C3%25A9gumes/soupes-fra%25C3%25AEches,-pr%25C3%25AAts-%25C3%25A0-l'emploi,-l%25C3%25A9gumes-secs/id0/588.html">Soupes Fraîches, Prêts à l'emploi, Légumes secs</a></li></ul></li><li><h3><a title="RR2009" rel="page-460" href="id3/404/460.html">Boucherie - Volaille</a></h3><ul class="menu"><li><a href="march%25C3%25A9/boucherie---volaille/les-pi%25C3%25A8ces-du-boucher/id0/431977.html">Les pièces du Boucher</a></li><li><a href="march%25C3%25A9/boucherie---volaille/b%25C5%2593uf/id0/601.html">Bœuf</a></li><li><a href="march%25C3%25A9/boucherie---volaille/porc,-veau,-agneau/id0/600.html">Porc, Veau, Agneau</a></li><li><a href="march%25C3%25A9/boucherie---volaille/poulet,-dinde,-autres-volailles/id0/603.html">Poulet, Dinde, Autres Volailles</a></li><li><a href="march%25C3%25A9/boucherie---volaille/saucisse,-viandes-cuisin%25C3%25A9es,-snack,-sauce/id0/602.html">Saucisse, Viandes Cuisinées, Snack, Sauce</a></li></ul></li><li><h3><a title="RR2008" rel="page-462" href="id3/404/462.html">Produits de la mer</a></h3><ul class="menu"><li><a href="march%25C3%25A9/produits-de-la-mer/poissons-frais,-fruits-de-mer,-poissons-pan%25C3%25A9s/id0/597.html">Poissons frais, Fruits de Mer, Poissons Panés</a></li><li><a href="march%25C3%25A9/produits-de-la-mer/poissons-fum%25C3%25A9s/id0/82012.html">Poissons Fumés</a></li><li><a href="march%25C3%25A9/produits-de-la-mer/produits-ap%25C3%25A9ritifs/id0/100366.html">Produits Apéritifs</a></li><li><a href="march%25C3%25A9/produits-de-la-mer/surimis/id0/100363.html">Surimis</a></li></ul></li><li><h3><a title="RR3360" rel="page-100376" href="id3/404/100376.html">Pains - Viennoiseries</a></h3><ul class="menu"><li><a href="march%25C3%25A9/pains---viennoiseries/pains,-pains-de-mie/id0/100377.html">Pains, Pains de mie</a></li><li><a href="march%25C3%25A9/pains---viennoiseries/pains-%25C3%25A0-garnir/id0/431981.html">Pains à garnir</a></li><li><a href="march%25C3%25A9/pains---viennoiseries/brioches-et-viennoiseries/id0/100381.html">Brioches et Viennoiseries</a></li></ul></li></ul><?xml version="1.0" encoding="UTF-8"?><a href="http://www.refonte.auchandirect.fr/rayon/511862"><img src="http://www.refonte.auchandirect.fr/static/vitamines.jpg" alt="Faites le plein de vitamines !" title="Faites le plein de vitamines !" width="150" height="275" /></a>    
<div class="clear"></div></div><div class="clear"></div></div></div></div></li><li><a title="RR1003" href="rayon.customerinfos.minibasket.validatebasket%3Ft:ac=promos.html#">Produits laitiers<br/>Œufs</a><div class="hovered_big_menu" id="4082"><div class="menu-panel"><div class="menu-listes-container float-container"><div class="menu-listes"><ul class="menu menu-horizontal menu_left"><li><h3><a title="RR2010" rel="page-459" href="id3/408/459.html">Crémerie, Oeufs</a></h3><ul class="menu"><li><a href="produits-laitiers,-%25C5%2593ufs/cr%25C3%25A9merie,-oeufs/laits/id0/605.html">Laits</a></li><li><a href="produits-laitiers,-%25C5%2593ufs/cr%25C3%25A9merie,-oeufs/cr%25C3%25A8mes-fra%25C3%25AEches,-sauces/id0/608.html">Crèmes Fraîches, Sauces </a></li><li><a href="produits-laitiers,-%25C5%2593ufs/cr%25C3%25A9merie,-oeufs/beurres/id0/604.html">Beurres</a></li><li><a href="produits-laitiers,-%25C5%2593ufs/cr%25C3%25A9merie,-oeufs/margarines/id0/607.html">Margarines</a></li><li><a href="produits-laitiers,-%25C5%2593ufs/cr%25C3%25A9merie,-oeufs/oeufs/id0/606.html">Oeufs</a></li></ul></li><li><h3><a title="RR2011" rel="page-466" href="id3/408/466.html">Fromages</a></h3><ul class="menu"><li><a href="produits-laitiers,-%25C5%2593ufs/fromages/emmental,-comt%25C3%25A9,-rap%25C3%25A9,-parmesan/id0/431987.html">Emmental, Comté, Rapé et Parmesan</a></li><li><a href="produits-laitiers,-%25C5%2593ufs/fromages/ch%25C3%25A8vres,-brebis,-bleus,-roqueforts/id0/610.html">Chèvres,  Brebis, Bleus, Roqueforts</a></li><li><a href="produits-laitiers,-%25C5%2593ufs/fromages/camemberts,-coulommiers,-bries/id0/611.html">Camemberts,  Coulommiers,  Bries</a></li><li><a href="produits-laitiers,-%25C5%2593ufs/fromages/sp%25C3%25A9cialit%25C3%25A9s,-aop/id0/612.html">Spécialités,  AOP</a></li><li><a href="produits-laitiers,-%25C5%2593ufs/fromages/fromages-all%25C3%25A9g%25C3%25A9s/id0/618.html">Fromages Allégés</a></li><li><a href="produits-laitiers,-%25C5%2593ufs/fromages/a-cuisiner,-a-tartiner,-a-fondre/id0/614.html">A cuisiner, A tartiner, A fondre</a></li><li><a href="produits-laitiers,-%25C5%2593ufs/fromages/ap%25C3%25A9ritifs,-salades,-mozzarellas/id0/615.html">Apéritifs,  Salades,  Mozzarellas</a></li><li><a href="produits-laitiers,-%25C5%2593ufs/fromages/enfants/id0/617.html">Enfants</a></li></ul></li><li><h3><a title="RR2012" rel="page-464" href="id3/408/464.html">Yaourts, Desserts</a></h3><ul class="menu"><li><a href="produits-laitiers,-%25C5%2593ufs/yaourts,-desserts/yaourts-natures,-fromages-blancs/id0/619.html">Yaourts natures, Fromages blancs</a></li><li><a href="produits-laitiers,-%25C5%2593ufs/yaourts,-desserts/yaourts-aux-fruits,-aromatis%25C3%25A9s/id0/620.html">Yaourts aux fruits,  Aromatisés</a></li><li><a href="produits-laitiers,-%25C5%2593ufs/yaourts,-desserts/yaourts-enfants,-a-boire/id0/621.html">Yaourts enfants, A boire</a></li><li><a href="produits-laitiers,-%25C5%2593ufs/yaourts,-desserts/desserts-gourmands/id0/622.html">Desserts gourmands</a></li><li><a href="produits-laitiers,-%25C5%2593ufs/yaourts,-desserts/all%25C3%25A9g%25C3%25A9s,-bien-%25C3%25AAtre/id0/623.html">Allégés,  Bien Être</a></li><li><a href="produits-laitiers,-%25C5%2593ufs/yaourts,-desserts/compotes/id0/431969.html">Compotes</a></li></ul></li></ul><?xml version="1.0" encoding="UTF-8"?><a href="http://www.refonte.auchandirect.fr/rayon/593464"><img src="http://www.refonte.auchandirect.fr/static/S0213laitierV2.png" alt="La promo de la semaine au rayon laitier" title="La promo de la semaine au rayon laitier" /></a>    
<div class="clear"></div></div><div class="clear"></div></div></div></div></li><li><a title="RR1004" href="rayon.customerinfos.minibasket.validatebasket%3Ft:ac=promos.html#">Charcuterie<br/>Traiteur</a><div class="hovered_big_menu" id="4072"><div class="menu-panel"><div class="menu-listes-container float-container"><div class="menu-listes"><ul class="menu menu-horizontal menu_left"><li><h3><a title="RR2013" rel="page-468" href="id3/407/468.html">Charcuterie</a></h3><ul class="menu"><li><a href="charcuterie-traiteur/charcuterie/jambons/id0/624.html">Jambons</a></li><li><a href="charcuterie-traiteur/charcuterie/lardons,-bacon,-aides-culinaires/id0/626.html">Lardons, Bacon, Aides culinaires</a></li><li><a href="charcuterie-traiteur/charcuterie/saucisses,-boudins/id0/629.html">Saucisses, Boudins</a></li><li><a href="charcuterie-traiteur/charcuterie/saucissons,-p%25C3%25A2t%25C3%25A9s,-rillettes/id0/625.html">Saucissons, Pâtés, Rillettes</a></li></ul></li><li><h3><a title="RR2014" rel="page-465" href="id3/407/465.html">Traiteur</a></h3><ul class="menu"><li><a href="charcuterie-traiteur/traiteur/entr%25C3%25A9es,-ap%25C3%25A9ritifs/id0/630.html">Entrées, Apéritifs</a></li><li><a href="charcuterie-traiteur/traiteur/salades-compos%25C3%25A9es,-crudit%25C3%25A9s,-soupes/id0/627.html">Salades Composées, Crudités, Soupes</a></li><li><a href="charcuterie-traiteur/traiteur/burgers,-croques/id0/632.html">Burgers, Croques</a></li><li><a href="charcuterie-traiteur/traiteur/cordons-bleus,-nuggets,-grignottes/id0/636.html">Cordons Bleus, Nuggets, Grignottes</a></li><li><a href="charcuterie-traiteur/traiteur/pizzas,-tartes,-quiches/id0/631.html">Pizzas, Tartes, Quiches</a></li><li><a href="charcuterie-traiteur/traiteur/p%25C3%25A2tes-fra%25C3%25AEches,-quenelles/id0/634.html">Pâtes Fraîches, Quenelles</a></li><li><a href="charcuterie-traiteur/traiteur/plats-cuisin%25C3%25A9s/id0/628.html">Plats cuisinés</a></li><li><a href="charcuterie-traiteur/traiteur/p%25C3%25A2tes-%25C3%25A0-tarte-et-%25C3%25A0-g%25C3%25A2teaux/id0/633.html">Pâtes à Tarte et à Gâteaux</a></li><li><a href="charcuterie-traiteur/traiteur/destockage-foie-gras-et-toasts/id0/565014.html">Destockage Foie Gras et Toasts</a></li></ul></li><li><h3><a title="RR2016" rel="page-467" href="id3/407/467.html">Traiteur de la Mer</a></h3><ul class="menu"><li><a href="charcuterie-traiteur/traiteur-de-la-mer/poissons-fum%25C3%25A9s/id0/639.html">Poissons Fumés</a></li><li><a href="charcuterie-traiteur/traiteur-de-la-mer/surimis,-poissons-pan%25C3%25A9s/id0/637.html">Surimis, Poissons panés</a></li><li><a href="charcuterie-traiteur/traiteur-de-la-mer/produits-ap%25C3%25A9ritifs/id0/640.html">Produits Apéritifs</a></li></ul></li></ul><?xml version="1.0" encoding="UTF-8"?><a href="http://www.refonte.auchandirect.fr/rayon/511863"><img src="http://www.refonte.auchandirect.fr/static/jambons.jpg" alt="Le jambon...c'est meilleur en promo !" title="Le jambon...c'est meilleur en promo !" width="150" height="275" /></a>     
<div class="clear"></div></div><div class="clear"></div></div></div></div></li><li><a title="RR1005" href="rayon.customerinfos.minibasket.validatebasket%3Ft:ac=promos.html#">Surgelés</a><div class="hovered_big_menu" id="4062"><div class="menu-panel"><div class="menu-listes-container float-container"><div class="menu-listes"><ul class="menu menu-horizontal menu_left"><li><h3><a title="RR2017" rel="page-472" href="id3/406/472.html">Apéritifs, Entrées, Snacks</a></h3><ul class="menu"><li><a href="surgel%25C3%25A9s/ap%25C3%25A9ritifs,-entr%25C3%25A9es,-snacks/ap%25C3%25A9ritifs,-petits-fours/id0/431976.html">Apéritifs, Petits fours</a></li><li><a href="surgel%25C3%25A9s/ap%25C3%25A9ritifs,-entr%25C3%25A9es,-snacks/cr%25C3%25AApes,-feuillet%25C3%25A9s/id0/431978.html">Crêpes, Feuilletés</a></li><li><a href="surgel%25C3%25A9s/ap%25C3%25A9ritifs,-entr%25C3%25A9es,-snacks/bun's,-burgers/id0/431979.html">Bun's, Burgers</a></li><li><a href="surgel%25C3%25A9s/ap%25C3%25A9ritifs,-entr%25C3%25A9es,-snacks/coquilles,-escargots/id0/431980.html">Coquilles, Escargots</a></li></ul></li><li><h3><a title="Pizzas, Tartes, Plats cuisinés" rel="page-431964" href="id3/406/431964.html">Pizzas, Tartes, Plats cuisinés</a></h3><ul class="menu"><li><a href="surgel%25C3%25A9s/pizzas,-tartes,-plats-cuisin%25C3%25A9s/pizzas/id0/648.html">Pizzas</a></li><li><a href="surgel%25C3%25A9s/pizzas,-tartes,-plats-cuisin%25C3%25A9s/tartes,-quiches/id0/431973.html">Tartes, Quiches</a></li><li><a href="surgel%25C3%25A9s/pizzas,-tartes,-plats-cuisin%25C3%25A9s/plats-cuisin%25C3%25A9s/id0/646.html">Plats Cuisinés</a></li></ul></li><li><h3><a title="RR2019" rel="page-470" href="id3/406/470.html">Viandes, Produits de la Mer</a></h3><ul class="menu"><li><a href="surgel%25C3%25A9s/viandes,-produits-de-la-mer/viandes/id0/652.html">Viandes</a></li><li><a href="surgel%25C3%25A9s/viandes,-produits-de-la-mer/produits-de-la-mer/id0/654.html">Produits de la Mer</a></li></ul></li><li><h3><a title="RR2018" rel="page-469" href="id3/406/469.html">Légumes, Pommes de Terre, Herbes</a></h3><ul class="menu"><li><a href="surgel%25C3%25A9s/l%25C3%25A9gumes,-pommes-de-terre,-herbes/frites,-pommes-de-terre/id0/647.html">Frites, Pommes de Terre</a></li><li><a href="surgel%25C3%25A9s/l%25C3%25A9gumes,-pommes-de-terre,-herbes/l%25C3%25A9gumes/id0/650.html">Légumes</a></li><li><a href="surgel%25C3%25A9s/l%25C3%25A9gumes,-pommes-de-terre,-herbes/herbes-aromatiques-et-sauces/id0/651.html">Herbes Aromatiques et sauces</a></li></ul></li><li><h3><a title="RR2020" rel="page-471" href="id3/406/471.html">Glaces, Patisseries, Viennoiseries</a></h3><ul class="menu"><li><a href="surgel%25C3%25A9s/glaces,-patisseries,-viennoiseries/glaces-individuelles/id0/657.html">Glaces Individuelles</a></li><li><a href="surgel%25C3%25A9s/glaces,-patisseries,-viennoiseries/glaces-%25C3%25A0-partager/id0/653.html">Glaces à Partager</a></li><li><a href="surgel%25C3%25A9s/glaces,-patisseries,-viennoiseries/p%25C3%25A2tisseries,-viennoiseries/id0/656.html">Pâtisseries, Viennoiseries</a></li><li><a href="surgel%25C3%25A9s/glaces,-patisseries,-viennoiseries/accompagnements,-fruits/id0/655.html">Accompagnements, Fruits</a></li><li><a href="surgel%25C3%25A9s/glaces,-patisseries,-viennoiseries/b%25C3%25BBches-de-f%25C3%25AAtes/id0/451162.html">Bûches de Fêtes</a></li></ul></li></ul><?xml version="1.0" encoding="UTF-8"?><a href="http://www.refonte.auchandirect.fr/rayon/511868"><img src="http://www.refonte.auchandirect.fr/static/S0213_surgeles.jpg" alt="La promo de la semaine au rayon surgel&eacute;s " title="La promo de la semaine au rayon surgel&eacute;s " width="150" height="275" /></a>    
<div class="clear"></div></div><div class="clear"></div></div></div></div></li><li><a title="RR1006" href="rayon.customerinfos.minibasket.validatebasket%3Ft:ac=promos.html#">Epicerie<br/>Salée</a><div class="hovered_big_menu" id="4132"><div class="menu-panel"><div class="menu-listes-container float-container"><div class="menu-listes"><ul class="menu menu-horizontal menu_left"><li><h3><a title="RR2025" rel="page-479" href="id3/413/479.html">Conserves, Plats Cuisinés</a></h3><ul class="menu"><li><a href="epicerie-sal%25C3%25A9e/conserves,-plats-cuisin%25C3%25A9s/conserves-de-l%25C3%25A9gumes/id0/674.html">Conserves de Légumes</a></li><li><a href="epicerie-sal%25C3%25A9e/conserves,-plats-cuisin%25C3%25A9s/conserves-de-poissons/id0/676.html">Conserves de Poissons</a></li><li><a href="epicerie-sal%25C3%25A9e/conserves,-plats-cuisin%25C3%25A9s/plats-cuisin%25C3%25A9s/id0/677.html">Plats Cuisinés</a></li><li><a href="epicerie-sal%25C3%25A9e/conserves,-plats-cuisin%25C3%25A9s/terrines,-pat%25C3%25A9s/id0/679.html">Terrines, Patés</a></li></ul></li><li><h3><a title="RR2023" rel="page-480" href="id3/413/480.html">Pâtes, Riz, Purées</a></h3><ul class="menu"><li><a href="epicerie-sal%25C3%25A9e/p%25C3%25A2tes,-riz,-pur%25C3%25A9es/p%25C3%25A2tes/id0/681.html">Pâtes</a></li><li><a href="epicerie-sal%25C3%25A9e/p%25C3%25A2tes,-riz,-pur%25C3%25A9es/riz/id0/680.html">Riz</a></li><li><a href="epicerie-sal%25C3%25A9e/p%25C3%25A2tes,-riz,-pur%25C3%25A9es/sauces-pour-p%25C3%25A2tes-et-riz/id0/431966.html">Sauces pour Pâtes et Riz</a></li><li><a href="epicerie-sal%25C3%25A9e/p%25C3%25A2tes,-riz,-pur%25C3%25A9es/bl%25C3%25A9s,-semoules,-l%25C3%25A9gumes-secs/id0/678.html">Blés, Semoules, Légumes secs</a></li><li><a href="epicerie-sal%25C3%25A9e/p%25C3%25A2tes,-riz,-pur%25C3%25A9es/pur%25C3%25A9es/id0/682.html">Purées</a></li></ul></li><li><h3><a title="RR2022" rel="page-481" href="id3/413/481.html">Potages et Soupes</a></h3><ul class="menu"><li><a href="epicerie-sal%25C3%25A9e/potages-et-soupes/format-familial/id0/683.html">Format Familial</a></li><li><a href="epicerie-sal%25C3%25A9e/potages-et-soupes/format-individuel/id0/686.html">Format individuel</a></li><li><a href="epicerie-sal%25C3%25A9e/potages-et-soupes/de%25CC%2581shydrate%25CC%2581es,-instantane%25CC%2581es,-croutons/id0/685.html">Déshydratées, Instantanées, Croutons</a></li></ul></li><li><h3><a title="RR2024" rel="page-482" href="id3/413/482.html">Sauces, Condiments</a></h3><ul class="menu"><li><a href="epicerie-sal%25C3%25A9e/sauces,-condiments/huiles/id0/692.html">Huiles</a></li><li><a href="epicerie-sal%25C3%25A9e/sauces,-condiments/vinaigres,-vinaigrettes/id0/694.html">Vinaigres, Vinaigrettes</a></li><li><a href="epicerie-sal%25C3%25A9e/sauces,-condiments/sauces-chaudes/id0/689.html">Sauces Chaudes</a></li><li><a href="epicerie-sal%25C3%25A9e/sauces,-condiments/moutarde,-mayonnaise,-ketchup/id0/691.html">Moutarde, Mayonnaise, Ketchup</a></li><li><a href="epicerie-sal%25C3%25A9e/sauces,-condiments/olives,-cornichons/id0/688.html">Olives,  Cornichons</a></li><li><a href="epicerie-sal%25C3%25A9e/sauces,-condiments/sel,-poivre,-epices,-herbes/id0/695.html">Sel, Poivre, Epices, Herbes</a></li><li><a href="epicerie-sal%25C3%25A9e/sauces,-condiments/bouillons,-aides-culinaires/id0/687.html">Bouillons, Aides culinaires</a></li></ul></li><li><h3><a title="RR2021" rel="page-477" href="id3/413/477.html">Produits salés apéritifs</a></h3><ul class="menu"><li><a href="epicerie-sal%25C3%25A9e/produits-sal%25C3%25A9s-ap%25C3%25A9ritifs/chips,-tuiles/id0/675.html">Chips, Tuiles</a></li><li><a href="epicerie-sal%25C3%25A9e/produits-sal%25C3%25A9s-ap%25C3%25A9ritifs/cacahu%25C3%25A8tes,-autres-graines/id0/673.html">Cacahuètes, Autres Graines</a></li><li><a href="epicerie-sal%25C3%25A9e/produits-sal%25C3%25A9s-ap%25C3%25A9ritifs/biscuits-sal%25C3%25A9s,-souffl%25C3%25A9s/id0/668.html">Biscuits salés, Soufflés</a></li><li><a href="epicerie-sal%25C3%25A9e/produits-sal%25C3%25A9s-ap%25C3%25A9ritifs/autres-produits-ap%25C3%25A9ritifs/id0/669.html">Autres Produits Apéritifs</a></li></ul></li><li><h3><a title="RR3363" rel="page-143464" href="id3/413/143464.html">Produits Gourmets</a></h3><ul class="menu"><li><a href="epicerie-sal%25C3%25A9e/produits-gourmets/epicerie-sal%25C3%25A9e/id0/143468.html">Epicerie Salée</a></li><li><a href="epicerie-sal%25C3%25A9e/produits-gourmets/epicerie-sucr%25C3%25A9e/id0/143469.html">Epicerie Sucrée</a></li></ul></li></ul><?xml version="1.0" encoding="UTF-8"?><a href="http://www.refonte.auchandirect.fr/rayon/485262"><img src="http://www.refonte.auchandirect.fr/static/S0213epiceriesalee.png" alt="La promo de la semaine au rayon &eacute;picerie sal&eacute;e" title="La promo de la semaine au rayon &eacute;picerie sal&eacute;e" width="150" height="275" /></a>     
<div class="clear"></div></div><div class="clear"></div></div></div></div></li><li><a title="RR1007" href="rayon.customerinfos.minibasket.validatebasket%3Ft:ac=promos.html#">Petit-Déjeuner<br/>Epicerie Sucrée</a><div class="hovered_big_menu" id="4092"><div class="menu-panel"><div class="menu-listes-container float-container"><div class="menu-listes"><ul class="menu menu-horizontal menu_left"><li><h3><a title="RR2029" rel="page-484" href="id3/409/484.html">Petit-déjeuner</a></h3><ul class="menu"><li><a href="petit-d%25C3%25A9jeuner-epicerie-sucr%25C3%25A9e/petit-d%25C3%25A9jeuner/caf%25C3%25A9s,-chicor%25C3%25A9es,-chocolats/id0/710.html">Cafés, Chicorées, Chocolats</a></li><li><a href="petit-d%25C3%25A9jeuner-epicerie-sucr%25C3%25A9e/petit-d%25C3%25A9jeuner/dosettes,-capsules/id0/431984.html">Dosettes, Capsules</a></li><li><a href="petit-d%25C3%25A9jeuner-epicerie-sucr%25C3%25A9e/petit-d%25C3%25A9jeuner/th%25C3%25A9s,-infusions/id0/715.html">Thés, Infusions</a></li><li><a href="petit-d%25C3%25A9jeuner-epicerie-sucr%25C3%25A9e/petit-d%25C3%25A9jeuner/c%25C3%25A9r%25C3%25A9ales/id0/709.html">Céréales</a></li><li><a href="petit-d%25C3%25A9jeuner-epicerie-sucr%25C3%25A9e/petit-d%25C3%25A9jeuner/biscottes,-tartines/id0/708.html">Biscottes, Tartines</a></li><li><a href="petit-d%25C3%25A9jeuner-epicerie-sucr%25C3%25A9e/petit-d%25C3%25A9jeuner/pains-et-viennoiseries/id0/716.html">Pains et Viennoiseries</a></li><li><a href="petit-d%25C3%25A9jeuner-epicerie-sucr%25C3%25A9e/petit-d%25C3%25A9jeuner/confitures,-miels,-p%25C3%25A2tes-%25C3%25A0-tartiner/id0/712.html">Confitures, Miels, Pâtes à Tartiner</a></li><li><a href="petit-d%25C3%25A9jeuner-epicerie-sucr%25C3%25A9e/petit-d%25C3%25A9jeuner/jus-de-fruits/id0/713.html">Jus de Fruits</a></li><li><a href="petit-d%25C3%25A9jeuner-epicerie-sucr%25C3%25A9e/petit-d%25C3%25A9jeuner/laits/id0/714.html">Laits</a></li></ul></li><li><h3><a title="RR2026" rel="page-483" href="id3/409/483.html">Biscuits, Goûters</a></h3><ul class="menu"><li><a href="petit-d%25C3%25A9jeuner-epicerie-sucr%25C3%25A9e/biscuits,-go%25C3%25BBters/biscuits/id0/693.html">Biscuits</a></li><li><a href="petit-d%25C3%25A9jeuner-epicerie-sucr%25C3%25A9e/biscuits,-go%25C3%25BBters/go%25C3%25BBters/id0/431989.html">Goûters </a></li><li><a href="petit-d%25C3%25A9jeuner-epicerie-sucr%25C3%25A9e/biscuits,-go%25C3%25BBters/p%25C3%25A2tisseries/id0/696.html">Pâtisseries</a></li></ul></li><li><h3><a title="RR2027" rel="page-485" href="id3/409/485.html">Chocolats, Confiseries</a></h3><ul class="menu"><li><a href="petit-d%25C3%25A9jeuner-epicerie-sucr%25C3%25A9e/chocolats,-confiseries/tablettes-de-chocolat/id0/701.html">Tablettes de Chocolat</a></li><li><a href="petit-d%25C3%25A9jeuner-epicerie-sucr%25C3%25A9e/chocolats,-confiseries/confiseries-chocolat%25C3%25A9es/id0/698.html">Confiseries Chocolatées</a></li><li><a href="petit-d%25C3%25A9jeuner-epicerie-sucr%25C3%25A9e/chocolats,-confiseries/bonbons/id0/699.html">Bonbons</a></li><li><a href="petit-d%25C3%25A9jeuner-epicerie-sucr%25C3%25A9e/chocolats,-confiseries/chewing-gum/id0/700.html">Chewing Gum</a></li><li><a href="petit-d%25C3%25A9jeuner-epicerie-sucr%25C3%25A9e/chocolats,-confiseries/petite-confiserie/id0/702.html">Petite Confiserie</a></li></ul></li><li><h3><a title="RR2028" rel="page-486" href="id3/409/486.html">Desserts, Ingrédients</a></h3><ul class="menu"><li><a href="petit-d%25C3%25A9jeuner-epicerie-sucr%25C3%25A9e/desserts,-ingr%25C3%25A9dients/sucres,-farines,-levures/id0/706.html">Sucres, Farines, Levures</a></li><li><a href="petit-d%25C3%25A9jeuner-epicerie-sucr%25C3%25A9e/desserts,-ingr%25C3%25A9dients/compotes,-cr%25C3%25A8mes/id0/704.html">Compotes, Crèmes</a></li><li><a href="petit-d%25C3%25A9jeuner-epicerie-sucr%25C3%25A9e/desserts,-ingr%25C3%25A9dients/desserts-%25C3%25A0-pr%25C3%25A9parer/id0/703.html">Desserts à Préparer</a></li><li><a href="petit-d%25C3%25A9jeuner-epicerie-sucr%25C3%25A9e/desserts,-ingr%25C3%25A9dients/fruits-au-sirop/id0/705.html">Fruits au Sirop</a></li><li><a href="petit-d%25C3%25A9jeuner-epicerie-sucr%25C3%25A9e/desserts,-ingr%25C3%25A9dients/aides-%25C3%25A0-la-p%25C3%25A2tisserie/id0/707.html">Aides à la Pâtisserie</a></li></ul></li><li><h3><a title="Bien Etre, Forme" rel="page-431988" href="id3/409/431988.html">Bien Etre, Forme</a></h3><ul class="menu"><li><a href="petit-d%25C3%25A9jeuner-epicerie-sucr%25C3%25A9e/bien-etre,-forme/petit-d%25C3%25A9jeuner/id0/431990.html">Petit Déjeuner</a></li><li><a href="petit-d%25C3%25A9jeuner-epicerie-sucr%25C3%25A9e/bien-etre,-forme/biscuits,-go%25C3%25BBters/id0/431991.html">Biscuits, Goûters</a></li><li><a href="petit-d%25C3%25A9jeuner-epicerie-sucr%25C3%25A9e/bien-etre,-forme/compl%25C3%25A9ments-alimentaires/id0/431992.html">Compléments alimentaires</a></li><li><a href="petit-d%25C3%25A9jeuner-epicerie-sucr%25C3%25A9e/bien-etre,-forme/sans-gluten/id0/431993.html">Sans gluten</a></li></ul></li></ul><?xml version="1.0" encoding="UTF-8"?><a href="http://www.refonte.auchandirect.fr/rayon/511864"><img src="http://www.refonte.auchandirect.fr/static/epiceriesucree.jpg" alt="Accordez-vous une pause sucr&eacute;e !" title="Accordez-vous une pause sucr&eacute;e !" width="150" height="275" /></a>    
<div class="clear"></div></div><div class="clear"></div></div></div></div></li><li><a title="RR1008" href="rayon.customerinfos.minibasket.validatebasket%3Ft:ac=promos.html#">Boissons</a><div class="hovered_big_menu" id="4112"><div class="menu-panel"><div class="menu-listes-container float-container"><div class="menu-listes"><ul class="menu menu-horizontal menu_left"><li><h3><a title="RR2030" rel="page-478" href="id3/411/478.html">Eaux</a></h3><ul class="menu"><li><a href="boissons/eaux/eaux-plates/id0/667.html">Eaux plates</a></li><li><a href="boissons/eaux/eaux-gazeuses/id0/663.html">Eaux gazeuses</a></li><li><a href="boissons/eaux/eaux-aromatis%25C3%25A9es/id0/666.html">Eaux aromatisées</a></li></ul></li><li><h3><a title="RR2031" rel="page-476" href="id3/411/476.html">Jus, Softs</a></h3><ul class="menu"><li><a href="boissons/jus,-softs/jus-de-fruits,-l%25C3%25A9gumes/id0/672.html">Jus de fruits, Légumes</a></li><li><a href="boissons/jus,-softs/jus-de-fruits-frais/id0/433470.html">Jus de fruits frais</a></li><li><a href="boissons/jus,-softs/colas,-boissons-gazeuses/id0/671.html">Colas, Boissons gazeuses</a></li><li><a href="boissons/jus,-softs/boissons-aromatis%25C3%25A9es,-sirops/id0/670.html">Boissons aromatisées, Sirops</a></li><li><a href="boissons/jus,-softs/energ%25C3%25A9tiques,-sports/id0/431982.html">Energétiques, Sports</a></li></ul></li><li><h3><a title="RR2058" rel="page-506" href="id3/411/506.html">Vins et Champagnes</a></h3><ul class="menu"><li><a href="boissons/vins-et-champagnes/vins-rouges/id0/822.html">Vins rouges</a></li><li><a href="boissons/vins-et-champagnes/vins-blancs/id0/819.html">Vins blancs</a></li><li><a href="boissons/vins-et-champagnes/vins-ros%25C3%25A9s/id0/821.html">Vins rosés</a></li><li><a href="boissons/vins-et-champagnes/champagnes-et-vins-p%25C3%25A9tillants/id0/818.html">Champagnes et vins pétillants</a></li></ul></li><li><h3><a title="RR3373" rel="page-445712" href="id3/411/445712.html">Produits Salés Apéritifs</a></h3><ul class="menu"><li><a href="boissons/produits-sal%25C3%25A9s-ap%25C3%25A9ritifs/chips,-tuiles/id0/445713.html">Chips, Tuiles</a></li><li><a href="boissons/produits-sal%25C3%25A9s-ap%25C3%25A9ritifs/cacahu%25C3%25A8tes,-autres-graines/id0/445714.html">Cacahuètes, Autres Graines</a></li><li><a href="boissons/produits-sal%25C3%25A9s-ap%25C3%25A9ritifs/biscuits-sal%25C3%25A9s,-souffl%25C3%25A9s/id0/445715.html">Biscuits Salés, Soufflés</a></li><li><a href="boissons/produits-sal%25C3%25A9s-ap%25C3%25A9ritifs/autres-produits-ap%25C3%25A9ritifs/id0/445716.html">Autres Produits Apéritifs</a></li></ul></li><li><h3><a title="RR2032" rel="page-475" href="id3/411/475.html">Apéritifs, Digestifs</a></h3><ul class="menu"><li><a href="boissons/ap%25C3%25A9ritifs,-digestifs/whiskies/id0/661.html">Whiskies</a></li><li><a href="boissons/ap%25C3%25A9ritifs,-digestifs/ap%25C3%25A9ritifs,-anis%25C3%25A9s/id0/662.html">Apéritifs, Anisés</a></li><li><a href="boissons/ap%25C3%25A9ritifs,-digestifs/digestifs/id0/658.html">Digestifs</a></li><li><a href="boissons/ap%25C3%25A9ritifs,-digestifs/autres-alcools/id0/431962.html">Autres alcools</a></li><li><a href="boissons/ap%25C3%25A9ritifs,-digestifs/sans-alcool/id0/431963.html">Sans alcool</a></li></ul></li><li><h3><a title="RR2033" rel="page-474" href="id3/411/474.html">Bières, Cidres</a></h3><ul class="menu"><li><a href="boissons/bi%25C3%25A8res,-cidres/bi%25C3%25A8res/id0/664.html">Bières</a></li><li><a href="boissons/bi%25C3%25A8res,-cidres/cidres/id0/665.html">Cidres</a></li></ul></li></ul><?xml version="1.0" encoding="UTF-8"?><a href="http://www.refonte.auchandirect.fr/rayon/422512"><img src="http://www.refonte.auchandirect.fr/static/S0113_boissonscondi.jpg" alt="Pour vos boissons, pensez gros conditionnement !" title="Pour vos boissons, pensez gros conditionnement !" width="150" height="275" /></a>     
<div class="clear"></div></div><div class="clear"></div></div></div></div></li><li><a title="RR1012" href="rayon.customerinfos.minibasket.validatebasket%3Ft:ac=promos.html#">Bébé</a><div class="hovered_big_menu" id="4102"><div class="menu-panel"><div class="menu-listes-container float-container"><div class="menu-listes"><ul class="menu menu-horizontal menu_left"><li><h3><a title="RR2048" rel="page-490" href="id3/410/490.html">Couches, Culottes</a></h3><ul class="menu"><li><a href="b%25C3%25A9b%25C3%25A9/couches,-culottes/nouveau-n%25C3%25A9s/id0/718.html">Nouveau-nés</a></li><li><a href="b%25C3%25A9b%25C3%25A9/couches,-culottes/3-9-kg/id0/721.html">3-9 kg</a></li><li><a href="b%25C3%25A9b%25C3%25A9/couches,-culottes/7-20-kg/id0/717.html">7-20 kg</a></li><li><a href="b%25C3%25A9b%25C3%25A9/couches,-culottes/11-35-kg/id0/719.html">11-35 kg</a></li><li><a href="b%25C3%25A9b%25C3%25A9/couches,-culottes/culottes/id0/720.html">Culottes</a></li></ul></li><li><h3><a title="RR2047" rel="page-487" href="id3/410/487.html">Laits bébé</a></h3><ul class="menu"><li><a href="b%25C3%25A9b%25C3%25A9/laits-b%25C3%25A9b%25C3%25A9/croissance/id0/725.html">Croissance</a></li><li><a href="b%25C3%25A9b%25C3%25A9/laits-b%25C3%25A9b%25C3%25A9/laits-1er-age/id0/722.html">Laits 1er Age</a></li><li><a href="b%25C3%25A9b%25C3%25A9/laits-b%25C3%25A9b%25C3%25A9/laits-2%25C3%25A8me-age/id0/723.html">Laits 2ème Age</a></li><li><a href="b%25C3%25A9b%25C3%25A9/laits-b%25C3%25A9b%25C3%25A9/laits-infantiles-bio/id0/724.html">Laits Infantiles Bio</a></li></ul></li><li><h3><a title="RR2046" rel="page-488" href="id3/410/488.html">Alimentation bébé</a></h3><ul class="menu"><li><a href="b%25C3%25A9b%25C3%25A9/alimentation-b%25C3%25A9b%25C3%25A9/petit-d%25C3%25A9jeuner/id0/727.html">Petit-déjeuner</a></li><li><a href="b%25C3%25A9b%25C3%25A9/alimentation-b%25C3%25A9b%25C3%25A9/petits-pots,-assiettes/id0/729.html">Petits Pots, Assiettes</a></li><li><a href="b%25C3%25A9b%25C3%25A9/alimentation-b%25C3%25A9b%25C3%25A9/go%25C3%25BBters,-desserts/id0/730.html">Goûters, Desserts</a></li><li><a href="b%25C3%25A9b%25C3%25A9/alimentation-b%25C3%25A9b%25C3%25A9/boissons/id0/728.html">Boissons</a></li><li><a href="b%25C3%25A9b%25C3%25A9/alimentation-b%25C3%25A9b%25C3%25A9/alimentation-b%25C3%25A9b%25C3%25A9-bio/id0/726.html">Alimentation Bébé Bio</a></li></ul></li><li><h3><a title="RR2049" rel="page-489" href="id3/410/489.html">Toilette et Soin</a></h3><ul class="menu"><li><a href="b%25C3%25A9b%25C3%25A9/toilette-et-soin/cotons,-lingettes/id0/731.html">Cotons, Lingettes</a></li><li><a href="b%25C3%25A9b%25C3%25A9/toilette-et-soin/toilette/id0/732.html">Toilette</a></li><li><a href="b%25C3%25A9b%25C3%25A9/toilette-et-soin/soins/id0/733.html">Soins</a></li><li><a href="b%25C3%25A9b%25C3%25A9/toilette-et-soin/accessoires-de-pu%25C3%25A9riculture/id0/736.html">Accessoires de Puériculture</a></li><li><a href="b%25C3%25A9b%25C3%25A9/toilette-et-soin/pour-la-maman/id0/734.html">Pour la Maman</a></li></ul></li></ul><?xml version="1.0" encoding="UTF-8"?><a href="http://www.refonte.auchandirect.fr/rayon/112962"><img src="http://www.refonte.auchandirect.fr/static/S0213bebe.jpg" alt="Auchan Baby r&eacute;gale les b&eacute;b&eacute;s" title="Auchan Baby r&eacute;gale les b&eacute;b&eacute;s" width="150" height="275" /></a>    
<div class="clear"></div></div><div class="clear"></div></div></div></div></li><li><a title="RR1001" href="rayon.customerinfos.minibasket.validatebasket%3Ft:ac=promos.html#">Bio<br/>Ecolo</a><div class="hovered_big_menu" id="4052"><div class="menu-panel"><div class="menu-listes-container float-container"><div class="menu-listes"><ul class="menu menu-horizontal menu_left"><li><h3><a title="RR2002" rel="page-456" href="id3/405/456.html">Produits Frais et Surgelés Bio</a></h3><ul class="menu"><li><a href="bio-ecolo/produits-frais-et-surgel%25C3%25A9s-bio/charcuterie,-traiteur/id0/575.html">Charcuterie,  Traiteur</a></li><li><a href="bio-ecolo/produits-frais-et-surgel%25C3%25A9s-bio/fruits,-l%25C3%25A9gumes/id0/574.html">Fruits,  Légumes</a></li><li><a href="bio-ecolo/produits-frais-et-surgel%25C3%25A9s-bio/laitages,-oeufs/id0/576.html">Laitages, Oeufs</a></li><li><a href="bio-ecolo/produits-frais-et-surgel%25C3%25A9s-bio/surgel%25C3%25A9s/id0/577.html">Surgelés</a></li><li><a href="bio-ecolo/produits-frais-et-surgel%25C3%25A9s-bio/viandes,-volailles,-poissons/id0/578.html">Viandes,  Volailles,  Poissons</a></li></ul></li><li><h3><a title="RR2003" rel="page-458" href="id3/405/458.html">Epicerie Bio</a></h3><ul class="menu"><li><a href="bio-ecolo/epicerie-bio/biscuits,-epicerie-sucr%25C3%25A9e/id0/567.html">Biscuits,  Epicerie Sucrée</a></li><li><a href="bio-ecolo/epicerie-bio/petit-d%25C3%25A9jeuner/id0/573.html">Petit-déjeuner</a></li><li><a href="bio-ecolo/epicerie-bio/conserves,-plats-cuisin%25C3%25A9s/id0/565.html">Conserves,  Plats Cuisinés</a></li><li><a href="bio-ecolo/epicerie-bio/p%25C3%25A2tes,-riz,-c%25C3%25A9r%25C3%25A9ales/id0/570.html">Pâtes,  Riz,  Céréales</a></li><li><a href="bio-ecolo/epicerie-bio/sauces,-condiments/id0/572.html">Sauces,  Condiments</a></li></ul></li><li><h3><a title="RR2004" rel="page-455" href="id3/405/455.html">Boissons Bio</a></h3><ul class="menu"><li><a href="bio-ecolo/boissons-bio/alcools/id0/554.html">Alcools</a></li><li><a href="bio-ecolo/boissons-bio/jus-de-fruits,-l%25C3%25A9gumes/id0/557.html">Jus de Fruits,  Légumes</a></li><li><a href="bio-ecolo/boissons-bio/lait,-soja,-riz/id0/563.html">Lait,  Soja, riz</a></li></ul></li><li><h3><a title="RR2001" rel="page-454" href="id3/405/454.html">Bébé Bio</a></h3><ul class="menu"><li><a href="bio-ecolo/b%25C3%25A9b%25C3%25A9-bio/alimentation-b%25C3%25A9b%25C3%25A9/id0/558.html">Alimentation Bébé</a></li><li><a href="bio-ecolo/b%25C3%25A9b%25C3%25A9-bio/laits-b%25C3%25A9b%25C3%25A9/id0/556.html">Laits Bébé</a></li><li><a href="bio-ecolo/b%25C3%25A9b%25C3%25A9-bio/toilette,-soins/id0/555.html">Toilette, Soins</a></li></ul></li><li><h3><a title="RR2005" rel="page-457" href="id3/405/457.html">Entretien,  Hygiène Bio Ecolo</a></h3><ul class="menu"><li><a href="bio-ecolo/entretien,-hygi%25C3%25A8ne-bio-ecolo/entretien/id0/559.html">Entretien</a></li><li><a href="bio-ecolo/entretien,-hygi%25C3%25A8ne-bio-ecolo/soins-de-la-personne/id0/562.html">Soins de la Personne</a></li><li><a href="bio-ecolo/entretien,-hygi%25C3%25A8ne-bio-ecolo/piles,-ampoules/id0/564.html">Piles, Ampoules</a></li></ul></li></ul><?xml version="1.0" encoding="UTF-8"?><a href="http://www.refonte.auchandirect.fr/rayon/82018"><img src="http://www.refonte.auchandirect.fr/static/150x275_bio.jpg" alt="" width="150" height="275" /></a>   
<div class="clear"></div></div><div class="clear"></div></div></div></div></li><li><a title="RR1010" href="rayon.customerinfos.minibasket.validatebasket%3Ft:ac=promos.html#">Hygiène<br/>Beauté</a><div class="hovered_big_menu" id="4122"><div class="menu-panel"><div class="menu-listes-container float-container"><div class="menu-listes"><ul class="menu menu-horizontal menu_left"><li><h3><a title="RR2038" rel="page-492" href="id3/412/492.html">Corps</a></h3><ul class="menu"><li><a href="hygi%25C3%25A8ne-beaut%25C3%25A9/corps/douche,-bain/id0/746.html">Douche, Bain</a></li><li><a href="hygi%25C3%25A8ne-beaut%25C3%25A9/corps/savons/id0/748.html">Savons</a></li><li><a href="hygi%25C3%25A8ne-beaut%25C3%25A9/corps/d%25C3%25A9odorants/id0/744.html">Déodorants</a></li><li><a href="hygi%25C3%25A8ne-beaut%25C3%25A9/corps/cr%25C3%25A8mes,-soins-du-corps/id0/745.html">Crèmes, Soins du Corps</a></li><li><a href="hygi%25C3%25A8ne-beaut%25C3%25A9/corps/soins-mains,-pieds/id0/751.html">Soins Mains, Pieds</a></li><li><a href="hygi%25C3%25A8ne-beaut%25C3%25A9/corps/epilation-f%25C3%25A9minine/id0/750.html">Epilation Féminine</a></li><li><a href="hygi%25C3%25A8ne-beaut%25C3%25A9/corps/hygi%25C3%25A8ne-intime/id0/749.html">Hygiène intime</a></li><li><a href="hygi%25C3%25A8ne-beaut%25C3%25A9/corps/solaires/id0/754.html">Solaires</a></li></ul></li><li><h3><a title="RR2037" rel="page-491" href="id3/412/491.html">Cheveux</a></h3><ul class="menu"><li><a href="hygi%25C3%25A8ne-beaut%25C3%25A9/cheveux/shampooings/id0/743.html">Shampooings</a></li><li><a href="hygi%25C3%25A8ne-beaut%25C3%25A9/cheveux/apr%25C3%25A8s-shampooings/id0/738.html">Après shampooings</a></li><li><a href="hygi%25C3%25A8ne-beaut%25C3%25A9/cheveux/masques,-soins-capillaires/id0/741.html">Masques, Soins Capillaires</a></li><li><a href="hygi%25C3%25A8ne-beaut%25C3%25A9/cheveux/coiffants/id0/740.html">Coiffants</a></li></ul></li><li><h3><a title="RR2036" rel="page-493" href="id3/412/493.html">Visage</a></h3><ul class="menu"><li><a href="hygi%25C3%25A8ne-beaut%25C3%25A9/visage/cotons,-lingettes/id0/761.html">Cotons, Lingettes</a></li><li><a href="hygi%25C3%25A8ne-beaut%25C3%25A9/visage/toilette-du-visage/id0/766.html">Toilette du Visage</a></li><li><a href="hygi%25C3%25A8ne-beaut%25C3%25A9/visage/soins-dentaires/id0/764.html">Soins Dentaires</a></li><li><a href="hygi%25C3%25A8ne-beaut%25C3%25A9/visage/soins-du-visage/id0/767.html">Soins du Visage</a></li><li><a href="hygi%25C3%25A8ne-beaut%25C3%25A9/visage/maquillage/id0/765.html">Maquillage</a></li></ul></li><li><h3><a title="Hommes" rel="page-433468" href="id3/412/433468.html">Hommes</a></h3><ul class="menu"><li><a href="hygi%25C3%25A8ne-beaut%25C3%25A9/hommes/rasage,-soins-hommes/id0/763.html">Rasage, Soins Hommes</a></li><li><a href="hygi%25C3%25A8ne-beaut%25C3%25A9/hommes/cheveux/id0/739.html">Cheveux</a></li><li><a href="hygi%25C3%25A8ne-beaut%25C3%25A9/hommes/douche,-bain/id0/747.html">Douche, Bain</a></li><li><a href="hygi%25C3%25A8ne-beaut%25C3%25A9/hommes/d%25C3%25A9odorants/id0/1707.html">Déodorants</a></li></ul></li><li><h3><a title="RR2040" rel="page-494" href="id3/412/494.html">Papier, Parapharmacie</a></h3><ul class="menu"><li><a href="hygi%25C3%25A8ne-beaut%25C3%25A9/papier,-parapharmacie/papiers-toilette/id0/753.html">Papiers toilette</a></li><li><a href="hygi%25C3%25A8ne-beaut%25C3%25A9/papier,-parapharmacie/essuie-tout/id0/752.html">Essuie-tout</a></li><li><a href="hygi%25C3%25A8ne-beaut%25C3%25A9/papier,-parapharmacie/mouchoirs/id0/756.html">Mouchoirs</a></li><li><a href="hygi%25C3%25A8ne-beaut%25C3%25A9/papier,-parapharmacie/parapharmacie/id0/495.html">Parapharmacie</a></li><li><a href="hygi%25C3%25A8ne-beaut%25C3%25A9/papier,-parapharmacie/solaires/id0/759.html">Solaires</a></li></ul></li></ul><?xml version="1.0" encoding="UTF-8"?><a href="detailProduit/-1/LV0000002179.html"><img src="http://www.refonte.auchandirect.fr/static/S0113_hygiene.jpg" alt="La promo de la semaine au rayon hygiene beaut&eacute;" title="La promo de la semaine au rayon hygiene beaut&eacute;" width="150" height="275" /></a>    
<div class="clear"></div></div><div class="clear"></div></div></div></div></li><li><a title="RR1011" href="rayon.customerinfos.minibasket.validatebasket%3Ft:ac=promos.html#">Entretien</a><div class="hovered_big_menu" id="4142"><div class="menu-panel"><div class="menu-listes-container float-container"><div class="menu-listes"><ul class="menu menu-horizontal menu_left"><li><h3><a title="RR2045" rel="page-499" href="id3/414/499.html">Papiers</a></h3><ul class="menu"><li><a href="entretien/papiers/essuies-tout/id0/775.html">Essuies tout</a></li><li><a href="entretien/papiers/mouchoirs/id0/774.html">Mouchoirs</a></li><li><a href="entretien/papiers/papiers-toilette/id0/776.html">Papiers toilette</a></li></ul></li><li><h3><a title="RR2041" rel="page-500" href="id3/414/500.html">Soin du Linge</a></h3><ul class="menu"><li><a href="entretien/soin-du-linge/lessives/id0/792.html">Lessives</a></li><li><a href="entretien/soin-du-linge/assouplissants/id0/790.html">Assouplissants</a></li><li><a href="entretien/soin-du-linge/aides-au-lavage/id0/788.html">Aides au Lavage</a></li></ul></li><li><h3><a title="RR2043" rel="page-497" href="id3/414/497.html">Produits ménagers</a></h3><ul class="menu"><li><a href="entretien/produits-m%25C3%25A9nagers/cuisine,-salle-de-bain,-javel/id0/778.html">Cuisine, Salle de bain, Javel</a></li><li><a href="entretien/produits-m%25C3%25A9nagers/multi-usages/id0/784.html">Multi-usages</a></li><li><a href="entretien/produits-m%25C3%25A9nagers/lingettes-nettoyantes/id0/780.html">Lingettes Nettoyantes</a></li><li><a href="entretien/produits-m%25C3%25A9nagers/sols/id0/785.html">Sols</a></li><li><a href="entretien/produits-m%25C3%25A9nagers/vitres,-meubles/id0/787.html">Vitres, Meubles</a></li><li><a href="entretien/produits-m%25C3%25A9nagers/wc,-d%25C3%25A9boucheurs/id0/789.html">WC, Déboucheurs</a></li><li><a href="entretien/produits-m%25C3%25A9nagers/produits-ecolo/id0/786.html">Produits Ecolo</a></li></ul></li><li><h3><a title="RR2042" rel="page-496" href="id3/414/496.html">Vaisselle</a></h3><ul class="menu"><li><a href="entretien/vaisselle/lavage-en-machine/id0/793.html">Lavage en Machine</a></li><li><a href="entretien/vaisselle/liquides-vaisselle/id0/795.html">Liquides Vaisselle</a></li><li><a href="entretien/vaisselle/gants,-eponges/id0/794.html">Gants, Eponges</a></li></ul></li><li><h3><a title="RR2044" rel="page-498" href="id3/414/498.html">Cuisine</a></h3><ul class="menu"><li><a href="entretien/cuisine/sacs-poubelle/id0/773.html">Sacs Poubelle</a></li><li><a href="entretien/cuisine/aides-%25C3%25A0-la-conservation,-cuisson/id0/768.html">Aides à la Conservation, Cuisson</a></li><li><a href="entretien/cuisine/bo%25C3%25AEtes-herm%25C3%25A9tiques,-vaisselle-jetable/id0/770.html">Boîtes Hermétiques, Vaisselle Jetable</a></li><li><a href="entretien/cuisine/ustensiles-de-cuisine,-filtres-%25C3%25A0-caf%25C3%25A9/id0/769.html">Ustensiles de cuisine, Filtres à café</a></li><li><a href="entretien/cuisine/gants,-eponges/id0/772.html">Gants, Eponges</a></li></ul></li></ul><?xml version="1.0" encoding="UTF-8"?><a href="http://www.refonte.auchandirect.fr/rayon/511866"><img src="http://www.refonte.auchandirect.fr/static/S0113_entretien.jpg" alt="Tout pour la maison" title="Tout pour la maison" width="150" height="275" /></a>    
<div class="clear"></div></div><div class="clear"></div></div></div></div></li><li><a title="RR1013" href="rayon.customerinfos.minibasket.validatebasket%3Ft:ac=promos.html#">Animaux<br/>Maison</a><div class="hovered_big_menu" id="4152"><div class="menu-panel"><div class="menu-listes-container float-container"><div class="menu-listes"><ul class="menu menu-horizontal menu_left"><li><h3><a title="RR2051" rel="page-501" href="id3/415/501.html">Animaux</a></h3><ul class="menu"><li><a href="animaux-maison/animaux/chats/id0/797.html">Chats</a></li><li><a href="animaux-maison/animaux/chiens/id0/798.html">Chiens</a></li><li><a href="animaux-maison/animaux/rongeurs---autres-animaux/id0/796.html">Rongeurs - Autres animaux</a></li></ul></li><li><h3><a title="RR2054" rel="page-503" href="id3/415/503.html">Droguerie</a></h3><ul class="menu"><li><a href="animaux-maison/droguerie/d%25C3%25A9sodorisants/id0/802.html">Désodorisants</a></li><li><a href="animaux-maison/droguerie/bougies,-allumettes/id0/799.html">Bougies, Allumettes</a></li><li><a href="animaux-maison/droguerie/insecticides/id0/803.html">Insecticides</a></li><li><a href="animaux-maison/droguerie/cirages/id0/801.html">Cirages</a></li></ul></li><li><h3><a title="RR2055" rel="page-505" href="id3/415/505.html">Maison pratique</a></h3><ul class="menu"><li><a href="animaux-maison/maison-pratique/accessoires-cuisine/id0/804.html">Accessoires Cuisine</a></li><li><a href="animaux-maison/maison-pratique/ampoules,-piles/id0/806.html">Ampoules, Piles</a></li><li><a href="animaux-maison/maison-pratique/allumettes/id0/808.html">Allumettes</a></li><li><a href="animaux-maison/maison-pratique/divers/id0/805.html">Divers</a></li></ul></li><li><h3><a title="RR2056" rel="page-504" href="id3/415/504.html">Papeterie</a></h3><ul class="menu"><li><a href="animaux-maison/papeterie/ecriture/id0/813.html">Ecriture</a></li><li><a href="animaux-maison/papeterie/papiers,-cahiers/id0/812.html">Papiers, Cahiers</a></li><li><a href="animaux-maison/papeterie/cartouches-imprimantes/id0/809.html">Cartouches imprimantes</a></li></ul></li><li><h3><a title="RR2052" rel="page-502" href="id3/415/502.html">Textile</a></h3><ul class="menu"><li><a href="animaux-maison/textile/collants,-leggings/id0/815.html">Collants, Leggings</a></li><li><a href="animaux-maison/textile/bas,-mi-bas/id0/814.html">Bas, Mi-bas</a></li></ul></li></ul><?xml version="1.0" encoding="UTF-8"?><a href="animaux-maison/animaux/liti%25C3%25A8re-compacte-hyper-absorbante/id1/501/23329.html"><img src="http://www.refonte.auchandirect.fr/static/S0113_animaux.jpg" alt="La promo des animaux" title="La promo des animaux" width="150" height="275" /></a>    
<div class="clear"></div></div><div class="clear"></div></div></div></div></li><li><a title="titre Boutiques" rel="page-boutiques" href="rayon.customerinfos.minibasket.validatebasket%3Ft:ac=promos.html#">Boutiques</a><div class="hovered_big_menu" id="4152"><div class="menu-panel"><div class="menu-listes-container float-container"><?xml version="1.0" encoding="UTF-8"?><div class="boutique-cont" style="background: none repeat scroll 0% 0% #ffffff; border-radius: 8px 8px 8px 8px; padding: 5px">
<div class="promo-moment" style="width: 590px; margin: 0px 0px 10px; float: left">
<h1>&Agrave; ne pas rater en ce moment</h1>
<ul>
	<li style="padding: 0px 12px; margin: 17px 0px">	
	<a style="background: none repeat scroll 0% 0% transparent ! important; border-left: medium none ! important; margin: 0px ! important; height: auto" href="http://www.refonte.auchandirect.fr/rayon/510514"><img src="http://www.refonte.auchandirect.fr/static/produitsfestifs.jpg" alt="Destockage!" /></a>	
	<h2>Destockage sur les produits festifs !</h2>	
	<p>
	Jusqu'&agrave; -50% vous attendent sur une selection de produits festifs...	
	</p>
	<a href="http://www.refonte.auchandirect.fr/rayon/510514">&gt;&gt; Voir les offres</a>	</li>	
	<li style="padding: 0px 12px; margin: 17px 0px"><a style="background: none repeat scroll 0% 0% transparent ! important; border-left: medium none ! important; margin: 0px ! important; height: auto" href="rayon.customerinfos.minibasket.validatebasket%3Ft:ac=promos.html"><img src="http://www.refonte.auchandirect.fr/static/promos2013.gif" alt="Bonne Ann&eacute;e!" /> 	</a>	
	<h2>Bonne Ann&eacute;e !</h2>	
	<p>
	Retrouvez les premi&egrave;res promotions de l'ann&eacute;e...	
	</p>
	<a href="rayon.customerinfos.minibasket.validatebasket%3Ft:ac=promos.html">&gt;&gt; Voir les offres</a>	</li>
</ul>
</div>
<div class="produits-a-decouvrir" style="float: right; margin: 0px 0px 10px">
<h2 style="color: #ffffff; background: none repeat scroll 0% 0% #ff7f1e; border-radius: 6px 6px 0px 0px">Je ma&icirc;trise mon budget</h2>
<ul>
	<li class="first-bord" style="float: left; border-top: 1px solid #ff7f1e ! important; padding-left: 9px">	<a style="background: none repeat scroll 0% 0% transparent ! important; border-left: medium none ! important; padding: 0px; margin: 0px ! important; float: left" href="http://www.refonte.auchandirect.fr/rayon/471412"><img src="http://www.refonte.auchandirect.fr/static/produitsauchan2.gif" alt="Produits Auchan" /></a>  	
	<div class="infos">
	<h3 style="font-size: 1.2em">Produits Auchan</h3>	
	<p style="font-size: 12px">
	Retrouvez une s&eacute;lection de pr&egrave;s de 100 produits Auchan du quotidien &agrave; petit prix	
	</p>
	<a style="border: medium none ! important; padding-left: 0px ! important" href="http://www.refonte.auchandirect.fr/rayon/471412">&gt;&gt; 	Parcourir</a>	
	</div>
	</li>	
	<li style="float: left; padding-left: 9px">	
	<a style="background: none repeat scroll 0% 0% transparent ! important; border-left: medium none ! important; padding: 0px; margin: 0px ! important; float: left" href="http://www.refonte.auchandirect.fr/rayon/82018"><img src="http://www.refonte.auchandirect.fr/static/bio1euro.gif" alt="Bioa1euro" /></a>
	<div class="infos">
	<h3 style="font-size: 1.2em">Le bio &agrave; moins d' 1 euro</h3>
	<p style="font-size: 12px">
	Restez bio toute l'ann&eacute;e sans vous ruiner !<a style="border: medium none ! important; padding-left: 0px ! important" href="http://www.refonte.auchandirect.fr/rayon/82018">&gt;&gt; D&eacute;couvrir</a>	
	</p>
	</div>
	</li>	
	<li style="float: left; padding-left: 9px">	<a style="background: none repeat scroll 0% 0% transparent ! important; border-left: medium none ! important; padding: 0px; margin: 0px ! important; float: left"><img src="http://www.refonte.auchandirect.fr/static/riketrok.gif" alt="Rik et Rok" /></a>	
	<div class="infos">
	<h3 style="font-size: 1.2em">Rik&amp;Rok</h3>	
	<p style="font-size: 12px">
	La gamme ludique et savoureuse pour le plus grand bonheur de vos enfants !	
	</p>
	<a style="border: medium none ! important; padding-left: 0px ! important" href="http://www.refonte.auchandirect.fr/rayon/562314">&gt;&gt; D&eacute;couvrir</a>	
	</div>
	</li>
</ul>
</div>
<div class="promo-bottom" style="margin: 0px ! important; overflow: hidden">
<a style="background: none repeat scroll 0% 0% transparent ! important; border-left: medium none ! important; padding: 0px; margin: 0px ! important; float: left" href="http://auchandirect.photobox.fr/content/private-sales?cid=banvpi012013"><img src="http://www.refonte.auchandirect.fr/static/photobox.jpg" alt="Auchan direct photo" /></a>
<h1 style="width: 440px">Jusqu'au 13 Janvier minuit retrouvez nos offres priv&eacute;es :<span> jusqu'&agrave; -70% !</span></h1>
<a style="border: medium none ! important" href="http://auchandirect.photobox.fr/content/private-sales?cid=banvpi012013" class="btn-offre">J'y vais !</a>
</div>
</div>
</div></div></div></li></ul></div><div><script language="javascript">
var tc_vars = new Array();
/* Partie Environnement */
tc_vars["env_template"]="Sous Rayon";
tc_vars["env_work"]="prod";
tc_vars["env_channel"]="web";
tc_vars["env_language"]="français";
tc_vars["env_country"]="France";
tc_vars["env_dnt"]="disabled";
/* Partie Users */
tc_vars["user_rcw"]="";
tc_vars["user_id"]="";
tc_vars["user_gender"]="";
tc_vars["user_category"]="";
tc_vars["user_recency"]="";
tc_vars["user_frequency"]="";
tc_vars["user_amount"]="";
tc_vars["user_smb"]="";
tc_vars["user_logged"]="0";
tc_vars["user_age"]="";
tc_vars["user_scoring"]="000";
tc_vars["user_store"]="Morangis";
tc_vars["user_postalcode"]="91420";
/* Partie Tree structure */
tc_vars["page_cat1"]="promos";
tc_vars["page_cat2"]="";
tc_vars["page_cat3"]="";
tc_vars["page_name"]="Courses en ligne, livraison à domicile en 24h - Auchandirect.fr";
tc_vars["page_error"]="";
/* Partie Panier */
tc_vars["order_id"]="";
tc_vars["basket_id"]="0";
tc_vars["order_amount_ati_without_sf"]="";
tc_vars["order_amount_ati_with_sf"]="";
tc_vars["order_discount_ati"]="";
tc_vars["order_ship_ati"]="";
tc_vars["order_amount_tf_without_sf"]="";
tc_vars["order_amount_tf_with_sf"]="";
tc_vars["order_discount_tf"]="";
tc_vars["order_ship_tf"]="";
tc_vars["order_newcustomer"]="";
tc_vars["order_tax"]="";
tc_vars["order_payment_methods"]="";
tc_vars["order_shipping_method"]="LAD";
tc_vars["order_status"]="";
tc_vars["order_promo_codes"]="";
tc_vars["order_currency"]="";
tc_vars["order_email"]="";
tc_vars["order_email_optin"]="";
tc_vars["order_products_number"]="0";

tc_vars["order_products"] = new Array();

/* Partie Produit */
tc_vars["product_id"]="";
tc_vars["product_id_cug"]="";
tc_vars["product_id_upsell1"]="";
tc_vars["product_id_upsell2"]="";
tc_vars["product_id_upsell3"]="";
tc_vars["product_id_crossell1"]="";
tc_vars["product_id_crossell2"]="";
tc_vars["product_id_crossell3"]="";
tc_vars["product_name"]="";
tc_vars["product_unitprice_ati"]="";
tc_vars["product_unitprice_tf"]="";
tc_vars["product_currency"]="";
tc_vars["product_trademark"]="";
tc_vars["product_url_page"]="";
tc_vars["product_url_picture"]="";
tc_vars["product_isbundle"]="";
tc_vars["product_breadcrumb_id"]="";
tc_vars["product_breadcrumb_label"]="";
tc_vars["product_rating"]="";
tc_vars["product_instock"]="";
/* Partie Liste Produit */
tc_vars["list_products"] = new Array();

tc_vars["list_products"][0] = new Array();
tc_vars["list_products"][0]["list_product_id"]="477192";
tc_vars["list_products"][0]["list_product_id_cug"]="106436";
tc_vars["list_products"][0]["list_product_id_upsell1"]="";
tc_vars["list_products"][0]["list_product_id_upsell2"]="";
tc_vars["list_products"][0]["list_product_id_upsell3"]="";
tc_vars["list_products"][0]["list_product_id_crossell1"]="";
tc_vars["list_products"][0]["list_product_id_crossell2"]="";
tc_vars["list_products"][0]["list_product_id_crossell3"]="";
tc_vars["list_products"][0]["list_product_name"]="Plateau de jambon Bayonne";
tc_vars["list_products"][0]["list_product_unitprice_ati"]="5.90€";
tc_vars["list_products"][0]["list_product_discount_ati"]="0.00€";
tc_vars["list_products"][0]["list_product_unitprice_tf"]="5.90€";
tc_vars["list_products"][0]["list_product_currency"]="EUR";
tc_vars["list_products"][0]["list_product_trademark"]="AOSTE";
tc_vars["list_products"][0]["list_product_url_page"]="http://www.refonte.auchandirect.fr/detailproduit/468/106436";
tc_vars["list_products"][0]["list_product_url_picture"]="http://www.refonte.auchandirect.fr/static/images/products/detail/106436.jpg";
tc_vars["list_products"][0]["list_product_isbundle"]="N";
tc_vars["list_products"][0]["list_product_breadcrumb_id"]="468";
tc_vars["list_products"][0]["list_product_breadcrumb_label"]="Charcuterie";
tc_vars["list_products"][0]["list_product_rating"]="";
tc_vars["list_products"][0]["list_product_instock"]="Y";
tc_vars["list_products"][0]["list_product_totalprice_tf"]="5.90€"
tc_vars["list_products"][0]["list_product_trademark"]="AOSTE"

tc_vars["list_products"][1] = new Array();
tc_vars["list_products"][1]["list_product_id"]="68799";
tc_vars["list_products"][1]["list_product_id_cug"]="58881";
tc_vars["list_products"][1]["list_product_id_upsell1"]="";
tc_vars["list_products"][1]["list_product_id_upsell2"]="";
tc_vars["list_products"][1]["list_product_id_upsell3"]="";
tc_vars["list_products"][1]["list_product_id_crossell1"]="";
tc_vars["list_products"][1]["list_product_id_crossell2"]="";
tc_vars["list_products"][1]["list_product_id_crossell3"]="";
tc_vars["list_products"][1]["list_product_name"]="Jambon supérieur avec couenne";
tc_vars["list_products"][1]["list_product_unitprice_ati"]="1.85€";
tc_vars["list_products"][1]["list_product_discount_ati"]="2.32€";
tc_vars["list_products"][1]["list_product_unitprice_tf"]="1.85€";
tc_vars["list_products"][1]["list_product_currency"]="EUR";
tc_vars["list_products"][1]["list_product_trademark"]="AUCHAN";
tc_vars["list_products"][1]["list_product_url_page"]="http://www.refonte.auchandirect.fr/detailproduit/468/58881";
tc_vars["list_products"][1]["list_product_url_picture"]="http://www.refonte.auchandirect.fr/static/images/products/detail/58881.jpg";
tc_vars["list_products"][1]["list_product_isbundle"]="N";
tc_vars["list_products"][1]["list_product_breadcrumb_id"]="468";
tc_vars["list_products"][1]["list_product_breadcrumb_label"]="Charcuterie";
tc_vars["list_products"][1]["list_product_rating"]="";
tc_vars["list_products"][1]["list_product_instock"]="Y";
tc_vars["list_products"][1]["list_product_totalprice_tf"]="1.85€"
tc_vars["list_products"][1]["list_product_trademark"]="AUCHAN"

tc_vars["list_products"][2] = new Array();
tc_vars["list_products"][2]["list_product_id"]="87572";
tc_vars["list_products"][2]["list_product_id_cug"]="51631";
tc_vars["list_products"][2]["list_product_id_upsell1"]="";
tc_vars["list_products"][2]["list_product_id_upsell2"]="";
tc_vars["list_products"][2]["list_product_id_upsell3"]="";
tc_vars["list_products"][2]["list_product_id_crossell1"]="";
tc_vars["list_products"][2]["list_product_id_crossell2"]="";
tc_vars["list_products"][2]["list_product_id_crossell3"]="";
tc_vars["list_products"][2]["list_product_name"]="Bloc de Foie gras de canard";
tc_vars["list_products"][2]["list_product_unitprice_ati"]="17.47€";
tc_vars["list_products"][2]["list_product_discount_ati"]="34.95€";
tc_vars["list_products"][2]["list_product_unitprice_tf"]="17.47€";
tc_vars["list_products"][2]["list_product_currency"]="EUR";
tc_vars["list_products"][2]["list_product_trademark"]="AUCHAN";
tc_vars["list_products"][2]["list_product_url_page"]="http://www.refonte.auchandirect.fr/detailproduit/465/51631";
tc_vars["list_products"][2]["list_product_url_picture"]="http://www.refonte.auchandirect.fr/static/images/products/detail/51631.jpg";
tc_vars["list_products"][2]["list_product_isbundle"]="N";
tc_vars["list_products"][2]["list_product_breadcrumb_id"]="465";
tc_vars["list_products"][2]["list_product_breadcrumb_label"]="Traiteur";
tc_vars["list_products"][2]["list_product_rating"]="";
tc_vars["list_products"][2]["list_product_instock"]="Y";
tc_vars["list_products"][2]["list_product_totalprice_tf"]="17.47€"
tc_vars["list_products"][2]["list_product_trademark"]="AUCHAN"

tc_vars["list_products"][3] = new Array();
tc_vars["list_products"][3]["list_product_id"]="50519";
tc_vars["list_products"][3]["list_product_id_cug"]="6375";
tc_vars["list_products"][3]["list_product_id_upsell1"]="";
tc_vars["list_products"][3]["list_product_id_upsell2"]="";
tc_vars["list_products"][3]["list_product_id_upsell3"]="";
tc_vars["list_products"][3]["list_product_id_crossell1"]="";
tc_vars["list_products"][3]["list_product_id_crossell2"]="";
tc_vars["list_products"][3]["list_product_id_crossell3"]="";
tc_vars["list_products"][3]["list_product_name"]="Queues de langoustes crues des Bahamas";
tc_vars["list_products"][3]["list_product_unitprice_ati"]="13.65€";
tc_vars["list_products"][3]["list_product_discount_ati"]="19.50€";
tc_vars["list_products"][3]["list_product_unitprice_tf"]="13.65€";
tc_vars["list_products"][3]["list_product_currency"]="EUR";
tc_vars["list_products"][3]["list_product_trademark"]="AUCHAN";
tc_vars["list_products"][3]["list_product_url_page"]="http://www.refonte.auchandirect.fr/detailproduit/467562/6375";
tc_vars["list_products"][3]["list_product_url_picture"]="http://www.refonte.auchandirect.fr/static/images/products/detail/6375.jpg";
tc_vars["list_products"][3]["list_product_isbundle"]="N";
tc_vars["list_products"][3]["list_product_breadcrumb_id"]="467562";
tc_vars["list_products"][3]["list_product_breadcrumb_label"]="Destockage produits festifs";
tc_vars["list_products"][3]["list_product_rating"]="";
tc_vars["list_products"][3]["list_product_instock"]="Y";
tc_vars["list_products"][3]["list_product_totalprice_tf"]="13.65€"
tc_vars["list_products"][3]["list_product_trademark"]="AUCHAN"

tc_vars["list_products"][4] = new Array();
tc_vars["list_products"][4]["list_product_id"]="72037";
tc_vars["list_products"][4]["list_product_id_cug"]="19972";
tc_vars["list_products"][4]["list_product_id_upsell1"]="";
tc_vars["list_products"][4]["list_product_id_upsell2"]="";
tc_vars["list_products"][4]["list_product_id_upsell3"]="";
tc_vars["list_products"][4]["list_product_id_crossell1"]="";
tc_vars["list_products"][4]["list_product_id_crossell2"]="";
tc_vars["list_products"][4]["list_product_id_crossell3"]="";
tc_vars["list_products"][4]["list_product_name"]="Bloc de foie gras de canard du Sud-Ouest avec morceaux";
tc_vars["list_products"][4]["list_product_unitprice_ati"]="3.49€";
tc_vars["list_products"][4]["list_product_discount_ati"]="6.99€";
tc_vars["list_products"][4]["list_product_unitprice_tf"]="3.49€";
tc_vars["list_products"][4]["list_product_currency"]="EUR";
tc_vars["list_products"][4]["list_product_trademark"]="AUCHAN";
tc_vars["list_products"][4]["list_product_url_page"]="http://www.refonte.auchandirect.fr/detailproduit/465/19972";
tc_vars["list_products"][4]["list_product_url_picture"]="http://www.refonte.auchandirect.fr/static/images/products/detail/19972.jpg";
tc_vars["list_products"][4]["list_product_isbundle"]="N";
tc_vars["list_products"][4]["list_product_breadcrumb_id"]="465";
tc_vars["list_products"][4]["list_product_breadcrumb_label"]="Traiteur";
tc_vars["list_products"][4]["list_product_rating"]="";
tc_vars["list_products"][4]["list_product_instock"]="Y";
tc_vars["list_products"][4]["list_product_totalprice_tf"]="3.49€"
tc_vars["list_products"][4]["list_product_trademark"]="AUCHAN"

/* Partie Recherche */
tc_vars["search_keywords"]="";
tc_vars["search_page_number"]="";
tc_vars["search_results_number"]="";
tc_vars["search_filters"]="";
</script><script src="http://www.refonte.auchandirect.fr/static/scripts/tc_AuchanDirect_1.js" type="text/javascript"></script><NOSCRIPT><IFRAME height="1" width="1" src="http://redirect234.tagcommander.com/utils/noscript.php?id=1&amp;mode=iframe"></IFRAME></NOSCRIPT></div><div class="float-container" id="content"><div class="top-content float-container"><div class="main-content"><!-- zone edit - Bannière haute --><div class="zone-admin diff-zone"></div><!-- DEBUT DE LA BARRE TITRE --><!-- div id="wrap-liste-produits-nav" class="">
						<div id="liste-produits-nav" class="clear-container float-container">
					
							
							
							<div id="liste-produits-tri" class="float-container">
							
							<div class="titre-produits">
								<h2>
									<span class="titre-principal">
										<t:outputraw value="categoryTitle" />
									</span>
									<span class="titre-secondaire"> ${nbProductsMsg}</span>
								</h2>
							</div>
							
							<t:zone t:id="headerListZone" t:update="show">
							<form t:type="form" t:id="sortForm" t:zone="productListZone" t:autofocus="false">
							<p class="liste-produits-choix-affichage" t:type="zone" t:update="show" id="productDisplayTypeZone">
									<p class="liste-produits-choix-affichage">
										<select t:type="select" t:id="sort" class="form-select" t:blankOption="NEVER" onChange="document.getElementById('sortBySubmit').click();" />
										<input type="submit" id="sortBySubmit" style="display:none;" />
										
										<a t:type="actionlink" t:id="list" t:zone="productListZone" class="bt-liste ${pdtDisplayListStyle}">${message:category.display.type.list}</a>
										<a t:type="actionlink" t:id="thumbnail" t:zone="productListZone" class="bt-grille ${pdtDisplayGridStyle}">${message:category.display.type.thumbnail}</a>
									</p>
								</p>
								</form>
								
								</t:zone>
								
								
							</div>
							
							<ul t:type="zone" id="labelZone" t:update="show" class="liste-produits-menu menu menu-horizontal clear-container">
								<t:delegate to="labelBlock" / --><!-- liste des capsules de tri (marques) --><!-- t:block t:id="labelBlock">
									
									<li class="item">
									<t:if test="isAllSubCatActive">
											<a class="active">${message:category.sub.all}</a>
										<p:else>
											<a t:type="actionlink" t:zone="labelZone" t:id="showAll">${message:category.sub.all}</a>
										</p:else>
									</t:if>
									</li>	
										
									<t:if test="specificCategory">
										<t:loop source="categoriesAll" value="cat">
											<li class="item">
												<t:if test="isCatDisable">
													<a class="non_active">${cat.label}</a>
												<p:else>
													<t:if test="isCatActive">
														<a class="active">${cat.label}</a>
													<p:else>
														<a t:type="actionlink" t:zone="labelZone" t:id="viewCat" t:context="cat.shelfId">${cat.label}</a>
													</p:else>
													</t:if>
												</p:else>
												</t:if>
											</li>
										</t:loop>
									</t:if>	
										
									<t:unless test="specificCategory">
										<t:loop source="subCategories" value="subCat">
											<li class="item">
												<t:if test="isSubCatDisable">
													<a class="non_active">${subCat.label}</a>
												<p:else>
													<t:if test="isSubCatActive">
														<a class="active">${subCat.label}</a>
													<p:else>
														<a t:type="actionlink" t:zone="labelZone" t:id="viewSubCat" t:context="subCat.shelfId">${subCat.label}</a>
													</p:else>
													</t:if>
												</p:else>
												</t:if>
											</li>
										</t:loop>
										
										<t:if test="hasBioFilter">
											<li class="bio">
												<a t:type="actionlink" t:zone="labelZone" t:id="bioLabel">${message:category.label.bio}</a>
											</li>
										</t:if>
										
									</t:unless>
									
								<t:if test="showPromo">
									<t:if test="isPromoCatActive">
										<li class="item caseprom">
											<a class="menu-top-promos activo" title="promos">${message:specificcategory.promotions}</a>
										</li>
									<p:else>
										<li class="item">
											<a class="menu-top-promos" title="promos" t:type="actionlink" t:zone="productListZone" t:id="filterPromos">${message:specificcategory.promotions}</a>
										</li>
									</p:else>
									</t:if>
									<p:else>
										<t:if test="isNotPromoPage">
											<li class="item">
												<a class="non_active" title="promos">${message:specificcategory.promotions}</a>
											</li>
										</t:if>
									</p:else>
								</t:if>
								
								<t:if test="showNews">
									<t:if test="isNewsCatActive">
										<li class="item">
											<a class="menu-top-nouveautes activon" title="nouveautes">${message:specificcategory.news}</a>
										</li>
									<p:else>
										<li class="item">
											<a class="menu-top-nouveautes" title="nouveautes" t:type="actionlink" t:zone="productListZone" t:id="filterNews">${message:specificcategory.news}</a>
										</li>
									</p:else>
									</t:if>
									<p:else>
										<t:if test="isNotNewsPage">
											<li class="item">
												<a class="non_active" title="nouveautes">${message:specificcategory.news}</a>
											</li>
										</t:if>
									</p:else>
								</t:if>
								
								<t:if test="showPdtAuchan">
									<t:if test="isAuchanCatActive">
										<li class="item">
											<a class="menu-top-produits-auchan activen" title="produits Auchan">${message:specificcategory.retailer_brand}</a>
										</li>
										<p:else>
											<li class="item">
												<a class="menu-top-produits-auchan" title="produits Auchan" t:type="actionlink" t:zone="productListZone" t:id="filterAuchan">${message:specificcategory.retailer_brand}</a>
											</li>
										</p:else>
									</t:if>
									<p:else>
										<t:if test="isNotAuchanPage">
											<li class="item">
												<a class="non_active" title="produits Auchan">${message:specificcategory.retailer_brand}</a>
											</li>
										</t:if>
									</p:else>
								</t:if>
								</t:block>
						</ul>
						</div>
						
						<div class="clear"></div>
						
						<t:zone t:id="moreProductListZone" t:update="show">
						<t:if test="!specificCategory">
								<t:if test="brands">
										<t:if test="isBrandFilterExpanded">
											<p class="link_hide_marque" style="display: block;">
											<a t:type="actionlink" t:zone="labelZone" t:id="hideAllBrands" title="${message:category.brands.hide.title}">${maskAllBrandsLink}</a>
											<img src="/static/images/down_arrow.png" />
											</p>
											
												<ul id="" class="liste-produits-menu menu menu-horizontal clear-container marques_liste" style="display: block;">
													<t:loop source="brands" value="brand">
														<li class="item">
															<t:if test="isBrandDisable">
																<a class="non_active">${brand}</a>
															<p:else>
																<t:if test="isBrandActive">
																	<a class="active">${brand}</a>
																<p:else>
																	<a t:type="actionlink" t:zone="labelZone" t:id="viewBrand" t:context="brand">${brand}</a>
																</p:else>
																</t:if>
															</p:else>
															</t:if>
														</li>
													</t:loop>
												</ul>
											
										<p:else>
											<p class="link_show_marque" style="display: block;">
											<a t:type="actionlink" t:zone="labelZone" t:id="viewAllBrands" title="${viewAllBrandsTitle}">${viewAllBrandsLink}</a>
											<img src="/static/images/down_arrow.png" />
											</p>
										</p:else>
										</t:if>
								</t:if>
							</t:if>
						</t:zone>
						
						</div --><!-- FIN DE LA BARRE TITRE --><div><!-- ***************** DEBUT DU BLOC TITRE ***************** --><div class="" id="wrap-liste-produits-nav"><div class="clear-container float-container" id="liste-produits-nav"><div class="float-container" id="liste-produits-tri"><div class="titre-produits"><h1><span class="titre-principal">Promotions</span><span class="titre-secondaire"> - 79 produits</span></h1></div><div class="t-zone" id="headerListZone"><form onsubmit="javascript:Tapestry.waitForPage(event);" action="http://www.refonte.auchandirect.fr/rayon.productgridorlist.sortform" method="post" id="sortForm" name="sortForm"><div class="t-invisible"><input value="promos" name="t:ac" type="hidden"></input><input value="H4sIAAAAAAAAAJXOMZJBQRCA4aaIZKpkWxuRjoTERhKR2lJeOUC/eeMZNaanuvvtchknUC4hkLnDHmBTkQA3IP2T/zv8Q/P3Ez7muKM4SkxFZbVkXxAHL2qEWIVhSFwaTGhXzigmJ8q7obHELvjc5CjOjPNHRKsT70LRzZxWqbc4tf4651sdalNoWYrKFL5x4xTa0zX+YD9gLPuZso/l1zYpNJ6/Fzzjdz0zJutEsirfeBFP8XQsBsvr/lIH2KY7aUKP/AYBAAA=" name="t:formdata" type="hidden"></input></div><p class="liste-produits-choix-affichage t-zone" id="productDisplayTypeZone"><p class="liste-produits-choix-affichage"><select onChange="document.getElementById('sortBySubmit').click();" class="form-select" id="sort" name="sort"><option selected="selected" value="MARQUE_ASC">Trier par marque A-Z</option><option value="MARQUE_DESC">Trier par marque Z-A</option><option value="PRICE_ASC">Trier du moins cher au plus cher</option><option value="PRICE_DESC">Trier du plus cher au moins cher</option><option value="PRICEQTE_ASC">Trier par prix/quantité croissant</option><option value="PRICEQTE_DESC">Trier par prix/quantité décroissant</option></select><img id="sort-icon" class="t-error-icon t-invisible" alt="" src="http://www.refonte.auchandirect.fr/assets/tapestry/5.1.0.5/spacer.gif"/><input style="display: none;" id="sortBySubmit" type="submit"></input><a id="list" onclick="javascript:Tapestry.waitForPage(event);" class="bt-liste " href="rayon.productgridorlist.list%3Ft:ac=promos.html">en liste</a><a id="thumbnail" onclick="javascript:Tapestry.waitForPage(event);" class="bt-grille active" href="rayon.productgridorlist.thumbnail%3Ft:ac=promos.html">en grille</a></p></p></form></div></div><ul class="liste-produits-menu menu menu-horizontal clear-container t-zone" id="labelZone"><li class="item"><a class="active">TOUS</a></li><li class="item"><a id="viewCat" onclick="javascript:Tapestry.waitForPage(event);" href="http://www.refonte.auchandirect.fr/rayon.productgridorlist.viewcat/404?t:ac=promos">Marché</a></li><li class="item"><a id="viewCat_0" onclick="javascript:Tapestry.waitForPage(event);" href="http://www.refonte.auchandirect.fr/rayon.productgridorlist.viewcat/408?t:ac=promos">Produits laitiers, Œufs</a></li><li class="item"><a id="viewCat_1" onclick="javascript:Tapestry.waitForPage(event);" href="http://www.refonte.auchandirect.fr/rayon.productgridorlist.viewcat/407?t:ac=promos">Charcuterie Traiteur</a></li><li class="item"><a id="viewCat_2" onclick="javascript:Tapestry.waitForPage(event);" href="http://www.refonte.auchandirect.fr/rayon.productgridorlist.viewcat/406?t:ac=promos">Surgelés</a></li><li class="item"><a id="viewCat_3" onclick="javascript:Tapestry.waitForPage(event);" href="http://www.refonte.auchandirect.fr/rayon.productgridorlist.viewcat/413?t:ac=promos">Epicerie Salée</a></li><li class="item"><a id="viewCat_4" onclick="javascript:Tapestry.waitForPage(event);" href="http://www.refonte.auchandirect.fr/rayon.productgridorlist.viewcat/409?t:ac=promos">Petit-Déjeuner Epicerie Sucrée</a></li><li class="item"><a id="viewCat_5" onclick="javascript:Tapestry.waitForPage(event);" href="http://www.refonte.auchandirect.fr/rayon.productgridorlist.viewcat/411?t:ac=promos">Boissons</a></li><li class="item"><a id="viewCat_6" onclick="javascript:Tapestry.waitForPage(event);" href="http://www.refonte.auchandirect.fr/rayon.productgridorlist.viewcat/410?t:ac=promos">Bébé</a></li><li class="item"><a class="non_active">Bio Ecolo</a></li><li class="item"><a id="viewCat_7" onclick="javascript:Tapestry.waitForPage(event);" href="http://www.refonte.auchandirect.fr/rayon.productgridorlist.viewcat/412?t:ac=promos">Hygiène Beauté</a></li><li class="item"><a id="viewCat_8" onclick="javascript:Tapestry.waitForPage(event);" href="http://www.refonte.auchandirect.fr/rayon.productgridorlist.viewcat/414?t:ac=promos">Entretien</a></li><li class="item"><a id="viewCat_9" onclick="javascript:Tapestry.waitForPage(event);" href="http://www.refonte.auchandirect.fr/rayon.productgridorlist.viewcat/415?t:ac=promos">Animaux Maison</a></li><li class="item"><a title="nouveautes" class="non_active">Nouveautés</a></li><li class="item"><a id="filterAuchan" onclick="javascript:Tapestry.waitForPage(event);" title="produits Auchan" class="menu-top-produits-auchan" href="rayon.productgridorlist.filterauchan%3Ft:ac=promos.html">Produits Auchan</a></li><!-- liste des capsules de tri (marques) --></ul></div><div class="clear"></div><div class="t-zone" id="moreProductListZone"></div></div><!-- ***************** FIN DU BLOC TITRE ***************** --><div class="t-zone" id="productListZone"><div class="liste clear-container" id="liste-produits-grille"><div class="pro-ecolo"><h1>Marché</h1></div><table><tr><td><div class="bloc-produit promotion"><div class="bloc-produit-content"><a title="Voir le produit" href="march%25C3%25A9/produits-de-la-mer/citron-jaune-pi%25C3%25A8ce/id1/462/57850.html"><img src="http://www.refonte.auchandirect.fr/static/images/products/line/57850.jpg" alt="" class="produit "/></a><div class="picto"><span class="invisible"></span></div><img src="http://www.refonte.auchandirect.fr/static/images/moins-10pourcent_small.png" class="ruban"/><div class="boutons-produit"><a id="addProductToBasket" onclick="javascript:Tapestry.waitForPage(event);" title="Ajouter au panier" class="bt-produit-ajout-panier" href="http://www.refonte.auchandirect.fr/rayon.productgridorlist.productlist.thumbnailproduct.addproducttobasket/57850?t:ac=promos">Ajouter au panier</a><a id="addProductToShoppingList" onclick="javascript:Tapestry.waitForPage(event);" title="Ajouter à ma liste" class="bt-produit-ajout-liste" href="http://www.refonte.auchandirect.fr/rayon.productgridorlist.productlist.thumbnailproduct.addproducttoshoppinglist/57850?t:ac=promos">Ajouter à ma liste</a></div><div class="infos-produit-1"><div class="prix-old">0.40€</div><div class="prix-promo">0.36€</div></div><div class="infos-produit-2"><a title="Voir le produit" href="march%25C3%25A9/produits-de-la-mer/citron-jaune-pi%25C3%25A8ce/id1/462/57850.html"><h3>CITRON</h3><h4>Citron jaune pièce</h4><h4>Origine Espagne</h4><p>
1 pièce
<br/>
0.36€/pièce
</p></a></div><div class="mini_picto_bas"><img alt="frais" src="http://www.refonte.auchandirect.fr/static/images/frais_small.jpg"/><img src="http://www.refonte.auchandirect.fr/static/images/AB_small.jpg"/></div></div></div></td><td><div class="bloc-produit promotion"><div class="bloc-produit-content"><a title="Voir le produit" href="march%25C3%25A9/fruits/pomelos-%25C3%25A0-jus-filet/id1/461/54315.html"><img src="http://www.refonte.auchandirect.fr/static/images/products/line/54315.jpg" alt="" class="produit "/></a><div class="picto"><span class="invisible"></span></div><img src="http://www.refonte.auchandirect.fr/static/images/moins-10pourcent_small.png" class="ruban"/><div class="boutons-produit"><a id="addProductToBasket_0" onclick="javascript:Tapestry.waitForPage(event);" title="Ajouter au panier" class="bt-produit-ajout-panier" href="http://www.refonte.auchandirect.fr/rayon.productgridorlist.productlist.thumbnailproduct.addproducttobasket/54315?t:ac=promos">Ajouter au panier</a><a id="addProductToShoppingList_0" onclick="javascript:Tapestry.waitForPage(event);" title="Ajouter à ma liste" class="bt-produit-ajout-liste" href="http://www.refonte.auchandirect.fr/rayon.productgridorlist.productlist.thumbnailproduct.addproducttoshoppinglist/54315?t:ac=promos">Ajouter à ma liste</a></div><div class="infos-produit-1"><div class="prix-old">3.90€</div><div class="prix-promo">3.51€</div></div><div class="infos-produit-2"><a title="Voir le produit" href="march%25C3%25A9/fruits/pomelos-%25C3%25A0-jus-filet/id1/461/54315.html"><h3>POMELOS</h3><h4>Pomelos à jus filet</h4><h4>Origine USA</h4><p>
2 kg
<br/>
1.76€/kg
</p></a></div><div class="mini_picto_bas"><img alt="frais" src="http://www.refonte.auchandirect.fr/static/images/frais_small.jpg"/></div></div></div></td><td></td></tr></table><div class="pro-ecolo"><h1>Produits laitiers, Œufs</h1></div><table><tr><td><div class="bloc-produit promotion"><div class="bloc-produit-content"><a title="Voir le produit" href="http://www.refonte.auchandirect.fr/produits-laitiers,-œufs/yaourts,-desserts/lv_petits-pots-de-crème-vanille,-4-x-100-g/id1/464/LV0000002043"><img src="http://www.refonte.auchandirect.fr/static/images/products/line/LV0000002043.jpg" alt="" class="produit "/></a><div class="picto"><span class="invisible"></span></div><img src="http://www.refonte.auchandirect.fr/static/images/2achetes-1offert_small.png" class="ruban"/><div class="boutons-produit"><a id="addProductToBasket_1" onclick="javascript:Tapestry.waitForPage(event);" title="Ajouter au panier" class="bt-produit-ajout-panier" href="http://www.refonte.auchandirect.fr/rayon.productgridorlist.productlist.thumbnailproduct.addproducttobasket/LV0000002043?t:ac=promos">Ajouter au panier</a><a id="addProductToShoppingList_1" onclick="javascript:Tapestry.waitForPage(event);" title="Ajouter à ma liste" class="bt-produit-ajout-liste" href="http://www.refonte.auchandirect.fr/rayon.productgridorlist.productlist.thumbnailproduct.addproducttoshoppinglist/LV0000002043?t:ac=promos">Ajouter à ma liste</a></div><div class="infos-produit-1"><div class="prix-old">6.45€</div><div class="prix-promo">4.30€</div></div><div class="infos-produit-2"><a title="Voir le produit" href="http://www.refonte.auchandirect.fr/produits-laitiers,-œufs/yaourts,-desserts/lv_petits-pots-de-crème-vanille,-4-x-100-g/id1/464/LV0000002043"><h3>LA LAITIERE</h3><h4></h4><h4>3 Petits pots de crème vanille, 4 x 100 g</h4><p>
null
<br/>
3.58€/kg
</p></a></div><div class="mini_picto_bas"></div></div></div></td><td><div class="bloc-produit promotion"><div class="bloc-produit-content"><a title="Voir le produit" href="produits-laitiers,-%25C5%2593ufs/fromages/toastinette-pour-croque-monsieur/id1/466/87666.html"><img src="http://www.refonte.auchandirect.fr/static/images/products/line/87666.jpg" alt="" class="produit "/></a><div class="picto"><span class="invisible"></span></div><img src="http://www.refonte.auchandirect.fr/static/images/promo_small.png" class="ruban"/><div class="boutons-produit"><a id="addProductToBasket_2" onclick="javascript:Tapestry.waitForPage(event);" title="Ajouter au panier" class="bt-produit-ajout-panier" href="http://www.refonte.auchandirect.fr/rayon.productgridorlist.productlist.thumbnailproduct.addproducttobasket/87666?t:ac=promos">Ajouter au panier</a><a id="addProductToShoppingList_2" onclick="javascript:Tapestry.waitForPage(event);" title="Ajouter à ma liste" class="bt-produit-ajout-liste" href="http://www.refonte.auchandirect.fr/rayon.productgridorlist.productlist.thumbnailproduct.addproducttoshoppinglist/87666?t:ac=promos">Ajouter à ma liste</a></div><div class="infos-produit-1"><div class="prix-actuel"><span>4.96€</span></div></div><div class="infos-produit-2"><a title="Voir le produit" href="produits-laitiers,-%25C5%2593ufs/fromages/toastinette-pour-croque-monsieur/id1/466/87666.html"><h3>LA VACHE QUI RIT</h3><h4>Toastinette pour croque monsieur</h4><h4></h4><p>
800 g
<br/>
6.20€/kg
</p></a></div><div class="mini_picto_bas"><img alt="frais" src="http://www.refonte.auchandirect.fr/static/images/frais_small.jpg"/><img src="http://www.refonte.auchandirect.fr/static/images/DLC-garantie-6j_small.jpg"/></div></div></div></td><td><div class="bloc-produit promotion"><div class="bloc-produit-content"><a title="Voir le produit" href="produits-laitiers,-%25C5%2593ufs/emmental-maxi/id1/471415/59228.html"><img src="http://www.refonte.auchandirect.fr/static/images/products/line/59228.jpg" alt="" class="produit "/></a><div class="picto"><span class="invisible"></span></div><img src="http://www.refonte.auchandirect.fr/static/images/promo_small.png" class="ruban"/><div class="boutons-produit"><a id="addProductToBasket_3" onclick="javascript:Tapestry.waitForPage(event);" title="Ajouter au panier" class="bt-produit-ajout-panier" href="http://www.refonte.auchandirect.fr/rayon.productgridorlist.productlist.thumbnailproduct.addproducttobasket/59228?t:ac=promos">Ajouter au panier</a><a id="addProductToShoppingList_3" onclick="javascript:Tapestry.waitForPage(event);" title="Ajouter à ma liste" class="bt-produit-ajout-liste" href="http://www.refonte.auchandirect.fr/rayon.productgridorlist.productlist.thumbnailproduct.addproducttoshoppinglist/59228?t:ac=promos">Ajouter à ma liste</a></div><div class="infos-produit-1"><div class="prix-actuel"><span>5.09€</span></div></div><div class="infos-produit-2"><a title="Voir le produit" href="produits-laitiers,-%25C5%2593ufs/emmental-maxi/id1/471415/59228.html"><h3>LEERDAMMER</h3><h4>Emmental maxi</h4><h4></h4><p>
500 g
<br/>
10.18€/kg
</p></a></div><div class="mini_picto_bas"><img alt="frais" src="http://www.refonte.auchandirect.fr/static/images/frais_small.jpg"/><img src="http://www.refonte.auchandirect.fr/static/images/DLC-garantie-6j_small.jpg"/></div></div></div></td></tr><tr><td><div class="bloc-produit promotion"><div class="bloc-produit-content"><a title="Voir le produit" href="produits-laitiers,-%25C5%2593ufs/fromages/lv_camembert,-250g/id1/466/LV0000002139.html"><img src="http://www.refonte.auchandirect.fr/static/images/products/line/LV0000002139.jpg" alt="" class="produit "/></a><div class="picto"><span class="invisible"></span></div><img src="http://www.refonte.auchandirect.fr/static/images/2achetes-1offert_small.png" class="ruban"/><div class="boutons-produit"><a id="addProductToBasket_4" onclick="javascript:Tapestry.waitForPage(event);" title="Ajouter au panier" class="bt-produit-ajout-panier" href="http://www.refonte.auchandirect.fr/rayon.productgridorlist.productlist.thumbnailproduct.addproducttobasket/LV0000002139?t:ac=promos">Ajouter au panier</a><a id="addProductToShoppingList_4" onclick="javascript:Tapestry.waitForPage(event);" title="Ajouter à ma liste" class="bt-produit-ajout-liste" href="http://www.refonte.auchandirect.fr/rayon.productgridorlist.productlist.thumbnailproduct.addproducttoshoppinglist/LV0000002139?t:ac=promos">Ajouter à ma liste</a></div><div class="infos-produit-1"><div class="prix-old">5.37€</div><div class="prix-promo">3.58€</div></div><div class="infos-produit-2"><a title="Voir le produit" href="produits-laitiers,-%25C5%2593ufs/fromages/lv_camembert,-250g/id1/466/LV0000002139.html"><h3>PRESIDENT</h3><h4></h4><h4>3 Camemberts, 250g</h4><p>

<br/>
4.77€/kg
</p></a></div><div class="mini_picto_bas"></div></div></div></td><td></td><td></td></tr></table><div class="pro-ecolo"><h1>Charcuterie Traiteur</h1></div><table><tr><td><div class="bloc-produit promotion"><div class="bloc-produit-content"><a title="Voir le produit" href="charcuterie-traiteur/charcuterie/plateau-de-jambon-bayonne/id1/468/106436.html"><img src="http://www.refonte.auchandirect.fr/static/images/products/line/106436.jpg" alt="" class="produit "/></a><div class="picto"><span class="invisible"></span></div><img src="http://www.refonte.auchandirect.fr/static/images/promo_small.png" class="ruban"/><div class="boutons-produit"><a id="addProductToBasket_5" onclick="javascript:Tapestry.waitForPage(event);" title="Ajouter au panier" class="bt-produit-ajout-panier" href="http://www.refonte.auchandirect.fr/rayon.productgridorlist.productlist.thumbnailproduct.addproducttobasket/106436?t:ac=promos">Ajouter au panier</a><a id="addProductToShoppingList_5" onclick="javascript:Tapestry.waitForPage(event);" title="Ajouter à ma liste" class="bt-produit-ajout-liste" href="http://www.refonte.auchandirect.fr/rayon.productgridorlist.productlist.thumbnailproduct.addproducttoshoppinglist/106436?t:ac=promos">Ajouter à ma liste</a></div><div class="infos-produit-1"><div class="prix-actuel"><span>5.90€</span></div></div><div class="infos-produit-2"><a title="Voir le produit" href="charcuterie-traiteur/charcuterie/plateau-de-jambon-bayonne/id1/468/106436.html"><h3>AOSTE</h3><h4>Plateau de jambon Bayonne</h4><h4>+ 25% GRATUIT</h4><p>
10 tranches + 25% GRATUIT, 275 g
<br/>
21.45€/kg
</p></a></div><div class="mini_picto_bas"><img alt="frais" src="http://www.refonte.auchandirect.fr/static/images/frais_small.jpg"/><img src="http://www.refonte.auchandirect.fr/static/images/DLC-garantie-6j_small.jpg"/></div></div></div></td><td><div class="bloc-produit promotion"><div class="bloc-produit-content"><a title="Voir le produit" href="charcuterie-traiteur/charcuterie/jambon-sup%25C3%25A9rieur-avec-couenne/id1/468/58881.html"><img src="http://www.refonte.auchandirect.fr/static/images/products/line/58881.jpg" alt="" class="produit "/></a><div class="picto"><span class="invisible"></span></div><img src="http://www.refonte.auchandirect.fr/static/images/moins-20pourcent_small.png" class="ruban"/><div class="boutons-produit"><a id="addProductToBasket_6" onclick="javascript:Tapestry.waitForPage(event);" title="Ajouter au panier" class="bt-produit-ajout-panier" href="http://www.refonte.auchandirect.fr/rayon.productgridorlist.productlist.thumbnailproduct.addproducttobasket/58881?t:ac=promos">Ajouter au panier</a><a id="addProductToShoppingList_6" onclick="javascript:Tapestry.waitForPage(event);" title="Ajouter à ma liste" class="bt-produit-ajout-liste" href="http://www.refonte.auchandirect.fr/rayon.productgridorlist.productlist.thumbnailproduct.addproducttoshoppinglist/58881?t:ac=promos">Ajouter à ma liste</a></div><div class="infos-produit-1"><div class="prix-old">2.32€</div><div class="prix-promo">1.85€</div></div><div class="infos-produit-2"><a title="Voir le produit" href="charcuterie-traiteur/charcuterie/jambon-sup%25C3%25A9rieur-avec-couenne/id1/468/58881.html"><h3>AUCHAN</h3><h4>Jambon supérieur avec couenne</h4><h4></h4><p>
4 tranches, 160 g
<br/>
11.56€/kg
</p></a></div><div class="mini_picto_bas"><img alt="frais" src="http://www.refonte.auchandirect.fr/static/images/frais_small.jpg"/><img src="http://www.refonte.auchandirect.fr/static/images/DLC-garantie-6j_small.jpg"/></div></div></div></td><td><div class="bloc-produit promotion"><div class="bloc-produit-content"><a title="Voir le produit" href="charcuterie-traiteur/traiteur/bloc-de-foie-gras-de-canard/id1/465/51631.html"><img src="http://www.refonte.auchandirect.fr/static/images/products/line/51631.jpg" alt="" class="produit "/></a><div class="picto"><span class="invisible"></span></div><img src="http://www.refonte.auchandirect.fr/static/images/moins-50pourcent_small.png" class="ruban"/><div class="boutons-produit"><a id="addProductToBasket_7" onclick="javascript:Tapestry.waitForPage(event);" title="Ajouter au panier" class="bt-produit-ajout-panier" href="http://www.refonte.auchandirect.fr/rayon.productgridorlist.productlist.thumbnailproduct.addproducttobasket/51631?t:ac=promos">Ajouter au panier</a><a id="addProductToShoppingList_7" onclick="javascript:Tapestry.waitForPage(event);" title="Ajouter à ma liste" class="bt-produit-ajout-liste" href="http://www.refonte.auchandirect.fr/rayon.productgridorlist.productlist.thumbnailproduct.addproducttoshoppinglist/51631?t:ac=promos">Ajouter à ma liste</a></div><div class="infos-produit-1"><div class="prix-old">34.95€</div><div class="prix-promo">17.47€</div></div><div class="infos-produit-2"><a title="Voir le produit" href="charcuterie-traiteur/traiteur/bloc-de-foie-gras-de-canard/id1/465/51631.html"><h3>AUCHAN</h3><h4>Bloc de Foie gras de canard</h4><h4>30% de morceaux</h4><p>
1 kg
<br/>
17.47€/kg
</p></a></div><div class="mini_picto_bas"><img alt="frais" src="http://www.refonte.auchandirect.fr/static/images/frais_small.jpg"/><img src="http://www.refonte.auchandirect.fr/static/images/DLC-garantie-6j_small.jpg"/></div></div></div></td></tr><tr><td><div class="bloc-produit promotion"><div class="bloc-produit-content"><a title="Voir le produit" href="charcuterie-traiteur/traiteur/bloc-de-foie-gras-de-canard-du-sud-ouest-avec-morceaux/id1/465/19972.html"><img src="http://www.refonte.auchandirect.fr/static/images/products/line/19972.jpg" alt="" class="produit "/></a><div class="picto"><span class="invisible"></span></div><img src="http://www.refonte.auchandirect.fr/static/images/moins-50pourcent_small.png" class="ruban"/><div class="boutons-produit"><a id="addProductToBasket_8" onclick="javascript:Tapestry.waitForPage(event);" title="Ajouter au panier" class="bt-produit-ajout-panier" href="http://www.refonte.auchandirect.fr/rayon.productgridorlist.productlist.thumbnailproduct.addproducttobasket/19972?t:ac=promos">Ajouter au panier</a><a id="addProductToShoppingList_8" onclick="javascript:Tapestry.waitForPage(event);" title="Ajouter à ma liste" class="bt-produit-ajout-liste" href="http://www.refonte.auchandirect.fr/rayon.productgridorlist.productlist.thumbnailproduct.addproducttoshoppinglist/19972?t:ac=promos">Ajouter à ma liste</a></div><div class="infos-produit-1"><div class="prix-old">6.99€</div><div class="prix-promo">3.49€</div></div><div class="infos-produit-2"><a title="Voir le produit" href="charcuterie-traiteur/traiteur/bloc-de-foie-gras-de-canard-du-sud-ouest-avec-morceaux/id1/465/19972.html"><h3>AUCHAN</h3><h4>Bloc de foie gras de canard du Sud-Ouest avec morceaux</h4><h4></h4><p>
200 g
<br/>
17.45€/kg
</p></a></div><div class="mini_picto_bas"><img alt="frais" src="http://www.refonte.auchandirect.fr/static/images/frais_small.jpg"/><img src="http://www.refonte.auchandirect.fr/static/images/DLC-garantie-6j_small.jpg"/></div></div></div></td><td><div class="bloc-produit promotion"><div class="bloc-produit-content"><a title="Voir le produit" href="charcuterie-traiteur/traiteur/foie-gras-de-canard-en-tranches/id1/465/34702.html"><img src="http://www.refonte.auchandirect.fr/static/images/products/line/34702.jpg" alt="" class="produit "/></a><div class="picto"><span class="invisible"></span></div><img src="http://www.refonte.auchandirect.fr/static/images/moins-50pourcent_small.png" class="ruban"/><div class="boutons-produit"><a id="addProductToBasket_9" onclick="javascript:Tapestry.waitForPage(event);" title="Ajouter au panier" class="bt-produit-ajout-panier" href="http://www.refonte.auchandirect.fr/rayon.productgridorlist.productlist.thumbnailproduct.addproducttobasket/34702?t:ac=promos">Ajouter au panier</a><a id="addProductToShoppingList_9" onclick="javascript:Tapestry.waitForPage(event);" title="Ajouter à ma liste" class="bt-produit-ajout-liste" href="http://www.refonte.auchandirect.fr/rayon.productgridorlist.productlist.thumbnailproduct.addproducttoshoppinglist/34702?t:ac=promos">Ajouter à ma liste</a></div><div class="infos-produit-1"><div class="prix-old">4.85€</div><div class="prix-promo">2.42€</div></div><div class="infos-produit-2"><a title="Voir le produit" href="charcuterie-traiteur/traiteur/foie-gras-de-canard-en-tranches/id1/465/34702.html"><h3>AUCHAN</h3><h4>Foie gras de canard en tranches</h4><h4></h4><p>
100 g
<br/>
24.20€/kg
</p></a></div><div class="mini_picto_bas"><img alt="frais" src="http://www.refonte.auchandirect.fr/static/images/frais_small.jpg"/><img src="http://www.refonte.auchandirect.fr/static/images/DLC-garantie-6j_small.jpg"/></div></div></div></td><td><div class="bloc-produit promotion"><div class="bloc-produit-content"><a title="Voir le produit" href="charcuterie-traiteur/traiteur/tranches-de-foie-gras-de-canard/id1/465/51722.html"><img src="http://www.refonte.auchandirect.fr/static/images/products/line/51722.jpg" alt="" class="produit "/></a><div class="picto"><span class="invisible"></span></div><img src="http://www.refonte.auchandirect.fr/static/images/moins-50pourcent_small.png" class="ruban"/><div class="boutons-produit"><a id="addProductToBasket_10" onclick="javascript:Tapestry.waitForPage(event);" title="Ajouter au panier" class="bt-produit-ajout-panier" href="http://www.refonte.auchandirect.fr/rayon.productgridorlist.productlist.thumbnailproduct.addproducttobasket/51722?t:ac=promos">Ajouter au panier</a><a id="addProductToShoppingList_10" onclick="javascript:Tapestry.waitForPage(event);" title="Ajouter à ma liste" class="bt-produit-ajout-liste" href="http://www.refonte.auchandirect.fr/rayon.productgridorlist.productlist.thumbnailproduct.addproducttoshoppinglist/51722?t:ac=promos">Ajouter à ma liste</a></div><div class="infos-produit-1"><div class="prix-old">3.99€</div><div class="prix-promo">1.99€</div></div><div class="infos-produit-2"><a title="Voir le produit" href="charcuterie-traiteur/traiteur/tranches-de-foie-gras-de-canard/id1/465/51722.html"><h3>AUCHAN</h3><h4>Tranches de Foie gras de canard</h4><h4>30% morceaux</h4><p>
2 x 35 g
<br/>
28.43€/kg
</p></a></div><div class="mini_picto_bas"><img alt="frais" src="http://www.refonte.auchandirect.fr/static/images/frais_small.jpg"/><img src="http://www.refonte.auchandirect.fr/static/images/DLC-garantie-6j_small.jpg"/></div></div></div></td></tr><tr><td><div class="bloc-produit promotion"><div class="bloc-produit-content"><a title="Voir le produit" href="http://www.refonte.auchandirect.fr/charcuterie-traiteur/charcuterie/jambon-supérieur-x-4/id1/468/58473"><img src="http://www.refonte.auchandirect.fr/static/images/products/line/58473.jpg" alt="" class="produit "/></a><div class="picto"><span class="invisible"></span></div><img src="http://www.refonte.auchandirect.fr/static/images/promo_small.png" class="ruban"/><div class="boutons-produit"><a id="addProductToBasket_11" onclick="javascript:Tapestry.waitForPage(event);" title="Ajouter au panier" class="bt-produit-ajout-panier" href="http://www.refonte.auchandirect.fr/rayon.productgridorlist.productlist.thumbnailproduct.addproducttobasket/58473?t:ac=promos">Ajouter au panier</a><a id="addProductToShoppingList_11" onclick="javascript:Tapestry.waitForPage(event);" title="Ajouter à ma liste" class="bt-produit-ajout-liste" href="http://www.refonte.auchandirect.fr/rayon.productgridorlist.productlist.thumbnailproduct.addproducttoshoppinglist/58473?t:ac=promos">Ajouter à ma liste</a></div><div class="infos-produit-1"><div class="prix-actuel"><span>4.51€</span></div></div><div class="infos-produit-2"><a title="Voir le produit" href="http://www.refonte.auchandirect.fr/charcuterie-traiteur/charcuterie/jambon-supérieur-x-4/id1/468/58473"><h3>HERTA</h3><h4>Jambon supérieur x 4</h4><h4>Le bon Paris Bio</h4><p>
4 tranches, 120 g
<br/>
37.58€/kg
</p></a></div><div class="mini_picto_bas"><img alt="frais" src="http://www.refonte.auchandirect.fr/static/images/frais_small.jpg"/><img src="http://www.refonte.auchandirect.fr/static/images/DLC-garantie-6j_small.jpg"/><img src="http://www.refonte.auchandirect.fr/static/images/AB_small.jpg"/></div></div></div></td><td></td><td></td></tr></table><div class="pro-ecolo"><h1>Surgelés</h1></div><table><tr><td><div class="bloc-produit promotion"><div class="bloc-produit-content"><a title="Voir le produit" href="surgel%25C3%25A9s/destockage-produits-festifs/queues-de-langoustes-crues-des-bahamas/id1/467562/6375.html"><img src="http://www.refonte.auchandirect.fr/static/images/products/line/6375.jpg" alt="" class="produit "/></a><div class="picto"><span class="invisible"></span></div><img src="http://www.refonte.auchandirect.fr/static/images/moins-30pourcent_small.png" class="ruban"/><div class="boutons-produit"><a id="addProductToBasket_12" onclick="javascript:Tapestry.waitForPage(event);" title="Ajouter au panier" class="bt-produit-ajout-panier" href="http://www.refonte.auchandirect.fr/rayon.productgridorlist.productlist.thumbnailproduct.addproducttobasket/6375?t:ac=promos">Ajouter au panier</a><a id="addProductToShoppingList_12" onclick="javascript:Tapestry.waitForPage(event);" title="Ajouter à ma liste" class="bt-produit-ajout-liste" href="http://www.refonte.auchandirect.fr/rayon.productgridorlist.productlist.thumbnailproduct.addproducttoshoppinglist/6375?t:ac=promos">Ajouter à ma liste</a></div><div class="infos-produit-1"><div class="prix-old">19.50€</div><div class="prix-promo">13.65€</div></div><div class="infos-produit-2"><a title="Voir le produit" href="surgel%25C3%25A9s/destockage-produits-festifs/queues-de-langoustes-crues-des-bahamas/id1/467562/6375.html"><h3>AUCHAN</h3><h4>Queues de langoustes crues des Bahamas</h4><h4></h4><p>
2 x 190 g
<br/>
35.92€/kg
</p></a></div><div class="mini_picto_bas"><img alt="surgele" src="http://www.refonte.auchandirect.fr/static/images/surgele_small.jpg"/></div></div></div></td><td><div class="bloc-produit promotion"><div class="bloc-produit-content"><a title="Voir le produit" href="surgel%25C3%25A9s/pizzas,-tartes,-plats-cuisin%25C3%25A9s/pizza-3-fromages/id1/431964/24630.html"><img src="http://www.refonte.auchandirect.fr/static/images/products/line/24630.jpg" alt="" class="produit "/></a><div class="picto"><span class="invisible"></span></div><img src="http://www.refonte.auchandirect.fr/static/images/moins-20pourcent_small.png" class="ruban"/><div class="boutons-produit"><a id="addProductToBasket_13" onclick="javascript:Tapestry.waitForPage(event);" title="Ajouter au panier" class="bt-produit-ajout-panier" href="http://www.refonte.auchandirect.fr/rayon.productgridorlist.productlist.thumbnailproduct.addproducttobasket/24630?t:ac=promos">Ajouter au panier</a><a id="addProductToShoppingList_13" onclick="javascript:Tapestry.waitForPage(event);" title="Ajouter à ma liste" class="bt-produit-ajout-liste" href="http://www.refonte.auchandirect.fr/rayon.productgridorlist.productlist.thumbnailproduct.addproducttoshoppinglist/24630?t:ac=promos">Ajouter à ma liste</a></div><div class="infos-produit-1"><div class="prix-old">3.07€</div><div class="prix-promo">2.45€</div></div><div class="infos-produit-2"><a title="Voir le produit" href="surgel%25C3%25A9s/pizzas,-tartes,-plats-cuisin%25C3%25A9s/pizza-3-fromages/id1/431964/24630.html"><h3>AUCHAN</h3><h4>Pizza 3 fromages</h4><h4>Cuite au feu de bois</h4><p>
420 g
<br/>
5.83€/kg
</p></a></div><div class="mini_picto_bas"><img alt="surgele" src="http://www.refonte.auchandirect.fr/static/images/surgele_small.jpg"/></div></div></div></td><td><div class="bloc-produit promotion"><div class="bloc-produit-content"><a title="Voir le produit" href="surgel%25C3%25A9s/pizzas,-tartes,-plats-cuisin%25C3%25A9s/pizza-kebab/id1/431964/45343.html"><img src="http://www.refonte.auchandirect.fr/static/images/products/line/45343.jpg" alt="" class="produit "/></a><div class="picto"><span class="invisible"></span></div><img src="http://www.refonte.auchandirect.fr/static/images/moins-20pourcent_small.png" class="ruban"/><div class="boutons-produit"><a id="addProductToBasket_14" onclick="javascript:Tapestry.waitForPage(event);" title="Ajouter au panier" class="bt-produit-ajout-panier" href="http://www.refonte.auchandirect.fr/rayon.productgridorlist.productlist.thumbnailproduct.addproducttobasket/45343?t:ac=promos">Ajouter au panier</a><a id="addProductToShoppingList_14" onclick="javascript:Tapestry.waitForPage(event);" title="Ajouter à ma liste" class="bt-produit-ajout-liste" href="http://www.refonte.auchandirect.fr/rayon.productgridorlist.productlist.thumbnailproduct.addproducttoshoppinglist/45343?t:ac=promos">Ajouter à ma liste</a></div><div class="infos-produit-1"><div class="prix-old">2.40€</div><div class="prix-promo">1.92€</div></div><div class="infos-produit-2"><a title="Voir le produit" href="surgel%25C3%25A9s/pizzas,-tartes,-plats-cuisin%25C3%25A9s/pizza-kebab/id1/431964/45343.html"><h3>AUCHAN</h3><h4>Pizza Kebab</h4><h4>Cuite sur pierre</h4><p>
400 g
<br/>
4.80€/kg
</p></a></div><div class="mini_picto_bas"><img alt="surgele" src="http://www.refonte.auchandirect.fr/static/images/surgele_small.jpg"/></div></div></div></td></tr><tr><td><div class="bloc-produit promotion"><div class="bloc-produit-content"><a title="Voir le produit" href="surgel%25C3%25A9s/destockage-produits-festifs/plateau-de-crevettes/id1/467562/107855.html"><img src="http://www.refonte.auchandirect.fr/static/images/products/line/107855.jpg" alt="" class="produit "/></a><div class="picto"><span class="invisible"></span></div><img src="http://www.refonte.auchandirect.fr/static/images/moins-30pourcent_small.png" class="ruban"/><div class="boutons-produit"><a id="addProductToBasket_15" onclick="javascript:Tapestry.waitForPage(event);" title="Ajouter au panier" class="bt-produit-ajout-panier" href="http://www.refonte.auchandirect.fr/rayon.productgridorlist.productlist.thumbnailproduct.addproducttobasket/107855?t:ac=promos">Ajouter au panier</a><a id="addProductToShoppingList_15" onclick="javascript:Tapestry.waitForPage(event);" title="Ajouter à ma liste" class="bt-produit-ajout-liste" href="http://www.refonte.auchandirect.fr/rayon.productgridorlist.productlist.thumbnailproduct.addproducttoshoppinglist/107855?t:ac=promos">Ajouter à ma liste</a></div><div class="infos-produit-1"><div class="prix-old">5.25€</div><div class="prix-promo">3.67€</div></div><div class="infos-produit-2"><a title="Voir le produit" href="surgel%25C3%25A9s/destockage-produits-festifs/plateau-de-crevettes/id1/467562/107855.html"><h3>AUCHAN</h3><h4>Plateau de crevettes</h4><h4></h4><p>
300 g
<br/>
12.23€/kg
</p></a></div><div class="mini_picto_bas"><img alt="surgele" src="http://www.refonte.auchandirect.fr/static/images/surgele_small.jpg"/></div></div></div></td><td><div class="bloc-produit promotion"><div class="bloc-produit-content"><a title="Voir le produit" href="surgel%25C3%25A9s/destockage-produits-festifs/escalopes-de-foie-gras-de-canard-crues/id1/467562/57564.html"><img src="http://www.refonte.auchandirect.fr/static/images/products/line/57564.jpg" alt="" class="produit "/></a><div class="picto"><span class="invisible"></span></div><img src="http://www.refonte.auchandirect.fr/static/images/moins-30pourcent_small.png" class="ruban"/><div class="boutons-produit"><a id="addProductToBasket_16" onclick="javascript:Tapestry.waitForPage(event);" title="Ajouter au panier" class="bt-produit-ajout-panier" href="http://www.refonte.auchandirect.fr/rayon.productgridorlist.productlist.thumbnailproduct.addproducttobasket/57564?t:ac=promos">Ajouter au panier</a><a id="addProductToShoppingList_16" onclick="javascript:Tapestry.waitForPage(event);" title="Ajouter à ma liste" class="bt-produit-ajout-liste" href="http://www.refonte.auchandirect.fr/rayon.productgridorlist.productlist.thumbnailproduct.addproducttoshoppinglist/57564?t:ac=promos">Ajouter à ma liste</a></div><div class="infos-produit-1"><div class="prix-old">11.95€</div><div class="prix-promo">8.36€</div></div><div class="infos-produit-2"><a title="Voir le produit" href="surgel%25C3%25A9s/destockage-produits-festifs/escalopes-de-foie-gras-de-canard-crues/id1/467562/57564.html"><h3>AUCHAN MMM!</h3><h4>Escalopes de Foie Gras de Canard crues</h4><h4>IGP Sud Ouest</h4><p>
280 g
<br/>
29.86€/kg
</p></a></div><div class="mini_picto_bas"><img alt="surgele" src="http://www.refonte.auchandirect.fr/static/images/surgele_small.jpg"/></div></div></div></td><td><div class="bloc-produit promotion"><div class="bloc-produit-content"><a title="Voir le produit" href="surgel%25C3%25A9s/ap%25C3%25A9ritifs,-entr%25C3%25A9es,-snacks/surprises-fromag%25C3%25A8res/id1/472/60701.html"><img src="http://www.refonte.auchandirect.fr/static/images/products/line/60701.jpg" alt="" class="produit "/></a><div class="picto"><span class="invisible"></span></div><img src="http://www.refonte.auchandirect.fr/static/images/promo_small.png" class="ruban"/><div class="boutons-produit"><a id="addProductToBasket_17" onclick="javascript:Tapestry.waitForPage(event);" title="Ajouter au panier" class="bt-produit-ajout-panier" href="http://www.refonte.auchandirect.fr/rayon.productgridorlist.productlist.thumbnailproduct.addproducttobasket/60701?t:ac=promos">Ajouter au panier</a><a id="addProductToShoppingList_17" onclick="javascript:Tapestry.waitForPage(event);" title="Ajouter à ma liste" class="bt-produit-ajout-liste" href="http://www.refonte.auchandirect.fr/rayon.productgridorlist.productlist.thumbnailproduct.addproducttoshoppinglist/60701?t:ac=promos">Ajouter à ma liste</a></div><div class="infos-produit-1"><div class="prix-actuel"><span>3.95€</span></div></div><div class="infos-produit-2"><a title="Voir le produit" href="surgel%25C3%25A9s/ap%25C3%25A9ritifs,-entr%25C3%25A9es,-snacks/surprises-fromag%25C3%25A8res/id1/472/60701.html"><h3>BROSSARD</h3><h4>Surprises fromagères</h4><h4>+ 20% GRATUIT</h4><p>
300 g
<br/>
0.20€/pièce
</p></a></div><div class="mini_picto_bas"><img alt="surgele" src="http://www.refonte.auchandirect.fr/static/images/surgele_small.jpg"/></div></div></div></td></tr><tr><td><div class="bloc-produit promotion"><div class="bloc-produit-content"><a title="Voir le produit" href="surgel%25C3%25A9s/glaces,-patisseries,-viennoiseries/galette-des-rois-feuillet%25C3%25A9e-aux-pommes/id1/471/89343.html"><img src="http://www.refonte.auchandirect.fr/static/images/products/line/89343.jpg" alt="" class="produit "/></a><div class="picto"><span class="invisible"></span></div><img src="http://www.refonte.auchandirect.fr/static/images/moins-20pourcent_small.png" class="ruban"/><div class="boutons-produit"><a id="addProductToBasket_18" onclick="javascript:Tapestry.waitForPage(event);" title="Ajouter au panier" class="bt-produit-ajout-panier" href="http://www.refonte.auchandirect.fr/rayon.productgridorlist.productlist.thumbnailproduct.addproducttobasket/89343?t:ac=promos">Ajouter au panier</a><a id="addProductToShoppingList_18" onclick="javascript:Tapestry.waitForPage(event);" title="Ajouter à ma liste" class="bt-produit-ajout-liste" href="http://www.refonte.auchandirect.fr/rayon.productgridorlist.productlist.thumbnailproduct.addproducttoshoppinglist/89343?t:ac=promos">Ajouter à ma liste</a></div><div class="infos-produit-1"><div class="prix-old">3.70€</div><div class="prix-promo">2.96€</div></div><div class="infos-produit-2"><a title="Voir le produit" href="surgel%25C3%25A9s/glaces,-patisseries,-viennoiseries/galette-des-rois-feuillet%25C3%25A9e-aux-pommes/id1/471/89343.html"><h3>CROUSTIFRANCE</h3><h4>Galette des rois feuilletée aux pommes</h4><h4></h4><p>
4/5 parts, 450 g
<br/>
6.58€/kg
</p></a></div><div class="mini_picto_bas"><img alt="surgele" src="http://www.refonte.auchandirect.fr/static/images/surgele_small.jpg"/></div></div></div></td><td><div class="bloc-produit promotion"><div class="bloc-produit-content"><a title="Voir le produit" href="surgel%25C3%25A9s/destockage-produits-festifs/fagots-d'aperges/id1/467562/87489.html"><img src="http://www.refonte.auchandirect.fr/static/images/products/line/87489.jpg" alt="" class="produit "/></a><div class="picto"><span class="invisible"></span></div><img src="http://www.refonte.auchandirect.fr/static/images/moins-30pourcent_small.png" class="ruban"/><div class="boutons-produit"><a id="addProductToBasket_19" onclick="javascript:Tapestry.waitForPage(event);" title="Ajouter au panier" class="bt-produit-ajout-panier" href="http://www.refonte.auchandirect.fr/rayon.productgridorlist.productlist.thumbnailproduct.addproducttobasket/87489?t:ac=promos">Ajouter au panier</a><a id="addProductToShoppingList_19" onclick="javascript:Tapestry.waitForPage(event);" title="Ajouter à ma liste" class="bt-produit-ajout-liste" href="http://www.refonte.auchandirect.fr/rayon.productgridorlist.productlist.thumbnailproduct.addproducttoshoppinglist/87489?t:ac=promos">Ajouter à ma liste</a></div><div class="infos-produit-1"><div class="prix-old">4.05€</div><div class="prix-promo">2.83€</div></div><div class="infos-produit-2"><a title="Voir le produit" href="surgel%25C3%25A9s/destockage-produits-festifs/fagots-d'aperges/id1/467562/87489.html"><h3>MAGDA</h3><h4>Fagots d'aperges</h4><h4></h4><p>
270 g
<br/>
10.48€/kg
</p></a></div><div class="mini_picto_bas"><img alt="surgele" src="http://www.refonte.auchandirect.fr/static/images/surgele_small.jpg"/></div></div></div></td><td><div class="bloc-produit promotion"><div class="bloc-produit-content"><a title="Voir le produit" href="surgel%25C3%25A9s/destockage-produits-festifs/crevettes-tropicales-cuites-d%25C3%25A9cortiquees/id1/467562/55531.html"><img src="http://www.refonte.auchandirect.fr/static/images/products/line/55531.jpg" alt="" class="produit "/></a><div class="picto"><span class="invisible"></span></div><img src="http://www.refonte.auchandirect.fr/static/images/moins-30pourcent_small.png" class="ruban"/><div class="boutons-produit"><a id="addProductToBasket_20" onclick="javascript:Tapestry.waitForPage(event);" title="Ajouter au panier" class="bt-produit-ajout-panier" href="http://www.refonte.auchandirect.fr/rayon.productgridorlist.productlist.thumbnailproduct.addproducttobasket/55531?t:ac=promos">Ajouter au panier</a><a id="addProductToShoppingList_20" onclick="javascript:Tapestry.waitForPage(event);" title="Ajouter à ma liste" class="bt-produit-ajout-liste" href="http://www.refonte.auchandirect.fr/rayon.productgridorlist.productlist.thumbnailproduct.addproducttoshoppinglist/55531?t:ac=promos">Ajouter à ma liste</a></div><div class="infos-produit-1"><div class="prix-old">3.96€</div><div class="prix-promo">2.77€</div></div><div class="infos-produit-2"><a title="Voir le produit" href="surgel%25C3%25A9s/destockage-produits-festifs/crevettes-tropicales-cuites-d%25C3%25A9cortiquees/id1/467562/55531.html"><h3>MAREYEUR</h3><h4>Crevettes tropicales cuites décortiquees</h4><h4></h4><p>
400 g
<br/>
6.93€/kg
</p></a></div><div class="mini_picto_bas"><img alt="surgele" src="http://www.refonte.auchandirect.fr/static/images/surgele_small.jpg"/></div></div></div></td></tr><tr><td><div class="bloc-produit promotion"><div class="bloc-produit-content"><a title="Voir le produit" href="http://www.refonte.auchandirect.fr/surgelés/destockage-produits-festifs/noix-de-st-jacques-avec-corail/id1/467562/59381"><img src="http://www.refonte.auchandirect.fr/static/images/products/line/59381.jpg" alt="" class="produit "/></a><div class="picto"><span class="invisible"></span></div><img src="http://www.refonte.auchandirect.fr/static/images/moins-30pourcent_small.png" class="ruban"/><div class="boutons-produit"><a id="addProductToBasket_21" onclick="javascript:Tapestry.waitForPage(event);" title="Ajouter au panier" class="bt-produit-ajout-panier" href="http://www.refonte.auchandirect.fr/rayon.productgridorlist.productlist.thumbnailproduct.addproducttobasket/59381?t:ac=promos">Ajouter au panier</a><a id="addProductToShoppingList_21" onclick="javascript:Tapestry.waitForPage(event);" title="Ajouter à ma liste" class="bt-produit-ajout-liste" href="http://www.refonte.auchandirect.fr/rayon.productgridorlist.productlist.thumbnailproduct.addproducttoshoppinglist/59381?t:ac=promos">Ajouter à ma liste</a></div><div class="infos-produit-1"><div class="prix-old">7.98€</div><div class="prix-promo">5.58€</div></div><div class="infos-produit-2"><a title="Voir le produit" href="http://www.refonte.auchandirect.fr/surgelés/destockage-produits-festifs/noix-de-st-jacques-avec-corail/id1/467562/59381"><h3>MAREYEUR</h3><h4>Noix de St jacques avec corail</h4><h4></h4><p>
400 g
<br/>
13.95€/kg
</p></a></div><div class="mini_picto_bas"><img alt="surgele" src="http://www.refonte.auchandirect.fr/static/images/surgele_small.jpg"/></div></div></div></td><td><div class="bloc-produit promotion"><div class="bloc-produit-content"><a title="Voir le produit" href="http://www.refonte.auchandirect.fr/surgelés/viandes,-produits-de-la-mer/escalopes-de-poulet-crues-marinées/id1/470/59179"><img src="http://www.refonte.auchandirect.fr/static/images/products/line/59179.jpg" alt="" class="produit "/></a><div class="picto"><span class="invisible"></span></div><img src="http://www.refonte.auchandirect.fr/static/images/promo_small.png" class="ruban"/><div class="boutons-produit"><a id="addProductToBasket_22" onclick="javascript:Tapestry.waitForPage(event);" title="Ajouter au panier" class="bt-produit-ajout-panier" href="http://www.refonte.auchandirect.fr/rayon.productgridorlist.productlist.thumbnailproduct.addproducttobasket/59179?t:ac=promos">Ajouter au panier</a><a id="addProductToShoppingList_22" onclick="javascript:Tapestry.waitForPage(event);" title="Ajouter à ma liste" class="bt-produit-ajout-liste" href="http://www.refonte.auchandirect.fr/rayon.productgridorlist.productlist.thumbnailproduct.addproducttoshoppinglist/59179?t:ac=promos">Ajouter à ma liste</a></div><div class="infos-produit-1"><div class="prix-actuel"><span>6.00€</span></div></div><div class="infos-produit-2"><a title="Voir le produit" href="http://www.refonte.auchandirect.fr/surgelés/viandes,-produits-de-la-mer/escalopes-de-poulet-crues-marinées/id1/470/59179"><h3>VALLEY FOOD</h3><h4>Escalopes de poulet crues marinées</h4><h4></h4><p>
800 g
<br/>
7.50€/kg
</p></a></div><div class="mini_picto_bas"><img alt="surgele" src="http://www.refonte.auchandirect.fr/static/images/surgele_small.jpg"/></div></div></div></td><td></td></tr></table><div class="pro-ecolo"><h1>Epicerie Salée</h1></div><table><tr><td><div class="bloc-produit promotion"><div class="bloc-produit-content"><a title="Voir le produit" href="epicerie-sal%25C3%25A9e/produits-sal%25C3%25A9s-ap%25C3%25A9ritifs/toasts-ronds-froment/id1/477/34982.html"><img src="http://www.refonte.auchandirect.fr/static/images/products/line/34982.jpg" alt="" class="produit "/></a><div class="picto"><span class="invisible"></span></div><img src="http://www.refonte.auchandirect.fr/static/images/moins-50pourcent_small.png" class="ruban"/><div class="boutons-produit"><a id="addProductToBasket_23" onclick="javascript:Tapestry.waitForPage(event);" title="Ajouter au panier" class="bt-produit-ajout-panier" href="http://www.refonte.auchandirect.fr/rayon.productgridorlist.productlist.thumbnailproduct.addproducttobasket/34982?t:ac=promos">Ajouter au panier</a><a id="addProductToShoppingList_23" onclick="javascript:Tapestry.waitForPage(event);" title="Ajouter à ma liste" class="bt-produit-ajout-liste" href="http://www.refonte.auchandirect.fr/rayon.productgridorlist.productlist.thumbnailproduct.addproducttoshoppinglist/34982?t:ac=promos">Ajouter à ma liste</a></div><div class="infos-produit-1"><div class="prix-old">1.16€</div><div class="prix-promo">0.58€</div></div><div class="infos-produit-2"><a title="Voir le produit" href="epicerie-sal%25C3%25A9e/produits-sal%25C3%25A9s-ap%25C3%25A9ritifs/toasts-ronds-froment/id1/477/34982.html"><h3>AUCHAN</h3><h4>Toasts ronds froment</h4><h4>Nature</h4><p>
280 g
<br/>
2.07€/kg
</p></a></div><div class="mini_picto_bas"><img alt="frais" src="http://www.refonte.auchandirect.fr/static/images/frais_small.jpg"/><img src="http://www.refonte.auchandirect.fr/static/images/DLC-garantie-2j_small.jpg"/></div></div></div></td><td><div class="bloc-produit promotion"><div class="bloc-produit-content"><a title="Voir le produit" href="lv_moulin%25C3%25A9-de-l%25C3%25A9gumes-vari%25C3%25A9s,-30-cl/id1/0/LV0000001921.html"><img src="http://www.refonte.auchandirect.fr/static/images/products/line/LV0000001921.jpg" alt="" class="produit "/></a><div class="picto"><span class="invisible"></span></div><img src="http://www.refonte.auchandirect.fr/static/images/le-2eme-a-50pourcent_small.png" class="ruban"/><div class="boutons-produit"><a id="addProductToBasket_24" onclick="javascript:Tapestry.waitForPage(event);" title="Ajouter au panier" class="bt-produit-ajout-panier" href="http://www.refonte.auchandirect.fr/rayon.productgridorlist.productlist.thumbnailproduct.addproducttobasket/LV0000001921?t:ac=promos">Ajouter au panier</a><a id="addProductToShoppingList_24" onclick="javascript:Tapestry.waitForPage(event);" title="Ajouter à ma liste" class="bt-produit-ajout-liste" href="http://www.refonte.auchandirect.fr/rayon.productgridorlist.productlist.thumbnailproduct.addproducttoshoppinglist/LV0000001921?t:ac=promos">Ajouter à ma liste</a></div><div class="infos-produit-1"><div class="prix-old">2.34€</div><div class="prix-promo">1.76€</div></div><div class="infos-produit-2"><a title="Voir le produit" href="lv_moulin%25C3%25A9-de-l%25C3%25A9gumes-vari%25C3%25A9s,-30-cl/id1/0/LV0000001921.html"><h3>KNORR</h3><h4></h4><h4>Mouliné de légumes variés, 30 cl</h4><p>

<br/>
29.33€/l
</p></a></div><div class="mini_picto_bas"></div></div></div></td><td><div class="bloc-produit promotion"><div class="bloc-produit-content"><a title="Voir le produit" href="lv_douceur-%25C3%25A0-l'italienne,-30-cl/id1/0/LV0000001922.html"><img src="http://www.refonte.auchandirect.fr/static/images/products/line/LV0000001922.jpg" alt="" class="produit "/></a><div class="picto"><span class="invisible"></span></div><img src="http://www.refonte.auchandirect.fr/static/images/le-2eme-a-50pourcent_small.png" class="ruban"/><div class="boutons-produit"><a id="addProductToBasket_25" onclick="javascript:Tapestry.waitForPage(event);" title="Ajouter au panier" class="bt-produit-ajout-panier" href="http://www.refonte.auchandirect.fr/rayon.productgridorlist.productlist.thumbnailproduct.addproducttobasket/LV0000001922?t:ac=promos">Ajouter au panier</a><a id="addProductToShoppingList_25" onclick="javascript:Tapestry.waitForPage(event);" title="Ajouter à ma liste" class="bt-produit-ajout-liste" href="http://www.refonte.auchandirect.fr/rayon.productgridorlist.productlist.thumbnailproduct.addproducttoshoppinglist/LV0000001922?t:ac=promos">Ajouter à ma liste</a></div><div class="infos-produit-1"><div class="prix-old">2.94€</div><div class="prix-promo">2.21€</div></div><div class="infos-produit-2"><a title="Voir le produit" href="lv_douceur-%25C3%25A0-l'italienne,-30-cl/id1/0/LV0000001922.html"><h3>KNORR</h3><h4></h4><h4>Douceur à l'italienne, 30 cl</h4><p>

<br/>
36.83€/l
</p></a></div><div class="mini_picto_bas"></div></div></div></td></tr><tr><td><div class="bloc-produit promotion"><div class="bloc-produit-content"><a title="Voir le produit" href="lv_douceur-de-courgettes-au-ch%25C3%25A8vre-frais,-30-cl/id1/0/LV0000001914.html"><img src="http://www.refonte.auchandirect.fr/static/images/products/line/LV0000001914.jpg" alt="" class="produit "/></a><div class="picto"><span class="invisible"></span></div><img src="http://www.refonte.auchandirect.fr/static/images/le-2eme-a-50pourcent_small.png" class="ruban"/><div class="boutons-produit"><a id="addProductToBasket_26" onclick="javascript:Tapestry.waitForPage(event);" title="Ajouter au panier" class="bt-produit-ajout-panier" href="http://www.refonte.auchandirect.fr/rayon.productgridorlist.productlist.thumbnailproduct.addproducttobasket/LV0000001914?t:ac=promos">Ajouter au panier</a><a id="addProductToShoppingList_26" onclick="javascript:Tapestry.waitForPage(event);" title="Ajouter à ma liste" class="bt-produit-ajout-liste" href="http://www.refonte.auchandirect.fr/rayon.productgridorlist.productlist.thumbnailproduct.addproducttoshoppinglist/LV0000001914?t:ac=promos">Ajouter à ma liste</a></div><div class="infos-produit-1"><div class="prix-old">2.94€</div><div class="prix-promo">2.21€</div></div><div class="infos-produit-2"><a title="Voir le produit" href="lv_douceur-de-courgettes-au-ch%25C3%25A8vre-frais,-30-cl/id1/0/LV0000001914.html"><h3>KNORR</h3><h4></h4><h4>Douceur de courgettes au chèvre frais, 30 cl</h4><p>

<br/>
36.83€/l
</p></a></div><div class="mini_picto_bas"></div></div></div></td><td><div class="bloc-produit promotion"><div class="bloc-produit-content"><a title="Voir le produit" href="epicerie-sal%25C3%25A9e/sauces,-condiments/lv_huile-tournesol-1%25C3%25A8re-pression,-1-l/id1/482/LV0000002265.html"><img src="http://www.refonte.auchandirect.fr/static/images/products/line/LV0000002265.jpg" alt="" class="produit "/></a><div class="picto"><span class="invisible"></span></div><img src="http://www.refonte.auchandirect.fr/static/images/le-2eme-a-50pourcent_small.png" class="ruban"/><div class="boutons-produit"><a id="addProductToBasket_27" onclick="javascript:Tapestry.waitForPage(event);" title="Ajouter au panier" class="bt-produit-ajout-panier" href="http://www.refonte.auchandirect.fr/rayon.productgridorlist.productlist.thumbnailproduct.addproducttobasket/LV0000002265?t:ac=promos">Ajouter au panier</a><a id="addProductToShoppingList_27" onclick="javascript:Tapestry.waitForPage(event);" title="Ajouter à ma liste" class="bt-produit-ajout-liste" href="http://www.refonte.auchandirect.fr/rayon.productgridorlist.productlist.thumbnailproduct.addproducttoshoppinglist/LV0000002265?t:ac=promos">Ajouter à ma liste</a></div><div class="infos-produit-1"><div class="prix-old">4.36€</div><div class="prix-promo">3.27€</div></div><div class="infos-produit-2"><a title="Voir le produit" href="epicerie-sal%25C3%25A9e/sauces,-condiments/lv_huile-tournesol-1%25C3%25A8re-pression,-1-l/id1/482/LV0000002265.html"><h3>LESIEUR</h3><h4></h4><h4>Huile tournesol 1ère pression, 1 l</h4><p>

<br/>
1.64€/l
</p></a></div><div class="mini_picto_bas"></div></div></div></td><td><div class="bloc-produit promotion"><div class="bloc-produit-content"><a title="Voir le produit" href="epicerie-sal%25C3%25A9e/sauces,-condiments/pr%25C3%25A9paration-sauce-fond-de-veau/id1/482/1647.html"><img src="http://www.refonte.auchandirect.fr/static/images/products/line/1647.jpg" alt="" class="produit "/></a><div class="picto"><span class="invisible"></span></div><img src="http://www.refonte.auchandirect.fr/static/images/promo_small.png" class="ruban"/><div class="boutons-produit"><a id="addProductToBasket_28" onclick="javascript:Tapestry.waitForPage(event);" title="Ajouter au panier" class="bt-produit-ajout-panier" href="http://www.refonte.auchandirect.fr/rayon.productgridorlist.productlist.thumbnailproduct.addproducttobasket/1647?t:ac=promos">Ajouter au panier</a><a id="addProductToShoppingList_28" onclick="javascript:Tapestry.waitForPage(event);" title="Ajouter à ma liste" class="bt-produit-ajout-liste" href="http://www.refonte.auchandirect.fr/rayon.productgridorlist.productlist.thumbnailproduct.addproducttoshoppinglist/1647?t:ac=promos">Ajouter à ma liste</a></div><div class="infos-produit-1"><div class="prix-actuel"><span>2.82€</span></div></div><div class="infos-produit-2"><a title="Voir le produit" href="epicerie-sal%25C3%25A9e/sauces,-condiments/pr%25C3%25A9paration-sauce-fond-de-veau/id1/482/1647.html"><h3>MAGGI</h3><h4>Préparation sauce fond de veau</h4><h4></h4><p>
110 g
<br/>
25.64€/kg
</p></a></div><div class="mini_picto_bas"><img src="http://www.refonte.auchandirect.fr/static/images/DLC-garantie-30j_small.jpg"/></div></div></div></td></tr><tr><td><div class="bloc-produit promotion"><div class="bloc-produit-content"><a title="Voir le produit" href="epicerie-sal%25C3%25A9e/sauces,-condiments/papillotes-pour-r%25C3%25B4ti/id1/482/102648.html"><img src="http://www.refonte.auchandirect.fr/static/images/products/line/102648.jpg" alt="" class="produit "/></a><div class="picto"><span class="invisible"></span></div><img src="http://www.refonte.auchandirect.fr/static/images/promo_small.png" class="ruban"/><div class="boutons-produit"><a id="addProductToBasket_29" onclick="javascript:Tapestry.waitForPage(event);" title="Ajouter au panier" class="bt-produit-ajout-panier" href="http://www.refonte.auchandirect.fr/rayon.productgridorlist.productlist.thumbnailproduct.addproducttobasket/102648?t:ac=promos">Ajouter au panier</a><a id="addProductToShoppingList_29" onclick="javascript:Tapestry.waitForPage(event);" title="Ajouter à ma liste" class="bt-produit-ajout-liste" href="http://www.refonte.auchandirect.fr/rayon.productgridorlist.productlist.thumbnailproduct.addproducttoshoppinglist/102648?t:ac=promos">Ajouter à ma liste</a></div><div class="infos-produit-1"><div class="prix-actuel"><span>2.90€</span></div></div><div class="infos-produit-2"><a title="Voir le produit" href="epicerie-sal%25C3%25A9e/sauces,-condiments/papillotes-pour-r%25C3%25B4ti/id1/482/102648.html"><h3>MAGGI</h3><h4>Papillotes pour rôti</h4><h4></h4><p>
3 pièces
<br/>
0.97€/kg
</p></a></div><div class="mini_picto_bas"></div></div></div></td><td><div class="bloc-produit promotion"><div class="bloc-produit-content"><a title="Voir le produit" href="epicerie-sal%25C3%25A9e/sauces,-condiments/papillotes-paprika/id1/482/102665.html"><img src="http://www.refonte.auchandirect.fr/static/images/products/line/102665.jpg" alt="" class="produit "/></a><div class="picto"><span class="invisible"></span></div><img src="http://www.refonte.auchandirect.fr/static/images/promo_small.png" class="ruban"/><div class="boutons-produit"><a id="addProductToBasket_30" onclick="javascript:Tapestry.waitForPage(event);" title="Ajouter au panier" class="bt-produit-ajout-panier" href="http://www.refonte.auchandirect.fr/rayon.productgridorlist.productlist.thumbnailproduct.addproducttobasket/102665?t:ac=promos">Ajouter au panier</a><a id="addProductToShoppingList_30" onclick="javascript:Tapestry.waitForPage(event);" title="Ajouter à ma liste" class="bt-produit-ajout-liste" href="http://www.refonte.auchandirect.fr/rayon.productgridorlist.productlist.thumbnailproduct.addproducttoshoppinglist/102665?t:ac=promos">Ajouter à ma liste</a></div><div class="infos-produit-1"><div class="prix-actuel"><span>2.90€</span></div></div><div class="infos-produit-2"><a title="Voir le produit" href="epicerie-sal%25C3%25A9e/sauces,-condiments/papillotes-paprika/id1/482/102665.html"><h3>MAGGI</h3><h4>Papillotes paprika</h4><h4>pour poulet</h4><p>
3 pièces
<br/>
0.97€/kg
</p></a></div><div class="mini_picto_bas"></div></div></div></td><td><div class="bloc-produit promotion"><div class="bloc-produit-content"><a title="Voir le produit" href="epicerie-sal%25C3%25A9e/sauces,-condiments/papillotes-herbes-de-provence/id1/482/102664.html"><img src="http://www.refonte.auchandirect.fr/static/images/products/line/102664.jpg" alt="" class="produit "/></a><div class="picto"><span class="invisible"></span></div><img src="http://www.refonte.auchandirect.fr/static/images/promo_small.png" class="ruban"/><div class="boutons-produit"><a id="addProductToBasket_31" onclick="javascript:Tapestry.waitForPage(event);" title="Ajouter au panier" class="bt-produit-ajout-panier" href="http://www.refonte.auchandirect.fr/rayon.productgridorlist.productlist.thumbnailproduct.addproducttobasket/102664?t:ac=promos">Ajouter au panier</a><a id="addProductToShoppingList_31" onclick="javascript:Tapestry.waitForPage(event);" title="Ajouter à ma liste" class="bt-produit-ajout-liste" href="http://www.refonte.auchandirect.fr/rayon.productgridorlist.productlist.thumbnailproduct.addproducttoshoppinglist/102664?t:ac=promos">Ajouter à ma liste</a></div><div class="infos-produit-1"><div class="prix-actuel"><span>2.90€</span></div></div><div class="infos-produit-2"><a title="Voir le produit" href="epicerie-sal%25C3%25A9e/sauces,-condiments/papillotes-herbes-de-provence/id1/482/102664.html"><h3>MAGGI</h3><h4>Papillotes herbes de provence</h4><h4>pour poulet</h4><p>
3 pièces
<br/>
0.97€/kg
</p></a></div><div class="mini_picto_bas"></div></div></div></td></tr><tr><td><div class="bloc-produit promotion"><div class="bloc-produit-content"><a title="Voir le produit" href="epicerie-sal%25C3%25A9e/sauces,-condiments/fond-pour-r%25C3%25B4tis/id1/482/40826.html"><img src="http://www.refonte.auchandirect.fr/static/images/products/line/40826.jpg" alt="" class="produit "/></a><div class="picto"><span class="invisible"></span></div><img src="http://www.refonte.auchandirect.fr/static/images/promo_small.png" class="ruban"/><div class="boutons-produit"><a id="addProductToBasket_32" onclick="javascript:Tapestry.waitForPage(event);" title="Ajouter au panier" class="bt-produit-ajout-panier" href="http://www.refonte.auchandirect.fr/rayon.productgridorlist.productlist.thumbnailproduct.addproducttobasket/40826?t:ac=promos">Ajouter au panier</a><a id="addProductToShoppingList_32" onclick="javascript:Tapestry.waitForPage(event);" title="Ajouter à ma liste" class="bt-produit-ajout-liste" href="http://www.refonte.auchandirect.fr/rayon.productgridorlist.productlist.thumbnailproduct.addproducttoshoppinglist/40826?t:ac=promos">Ajouter à ma liste</a></div><div class="infos-produit-1"><div class="prix-actuel"><span>3.20€</span></div></div><div class="infos-produit-2"><a title="Voir le produit" href="epicerie-sal%25C3%25A9e/sauces,-condiments/fond-pour-r%25C3%25B4tis/id1/482/40826.html"><h3>MAGGI</h3><h4>Fond pour rôtis</h4><h4></h4><p>
110 g
<br/>
29.09€/kg
</p></a></div><div class="mini_picto_bas"><img src="http://www.refonte.auchandirect.fr/static/images/DLC-garantie-30j_small.jpg"/></div></div></div></td><td><div class="bloc-produit promotion"><div class="bloc-produit-content"><a title="Voir le produit" href="epicerie-sal%25C3%25A9e/conserves,-plats-cuisin%25C3%25A9s/crabe-tourteau/id1/479/96868.html"><img src="http://www.refonte.auchandirect.fr/static/images/products/line/96868.jpg" alt="" class="produit "/></a><div class="picto"><span class="invisible"></span></div><img src="http://www.refonte.auchandirect.fr/static/images/moins-30pourcent_small.png" class="ruban"/><div class="boutons-produit"><a id="addProductToBasket_33" onclick="javascript:Tapestry.waitForPage(event);" title="Ajouter au panier" class="bt-produit-ajout-panier" href="http://www.refonte.auchandirect.fr/rayon.productgridorlist.productlist.thumbnailproduct.addproducttobasket/96868?t:ac=promos">Ajouter au panier</a><a id="addProductToShoppingList_33" onclick="javascript:Tapestry.waitForPage(event);" title="Ajouter à ma liste" class="bt-produit-ajout-liste" href="http://www.refonte.auchandirect.fr/rayon.productgridorlist.productlist.thumbnailproduct.addproducttoshoppinglist/96868?t:ac=promos">Ajouter à ma liste</a></div><div class="infos-produit-1"><div class="prix-old">7.49€</div><div class="prix-promo">5.24€</div></div><div class="infos-produit-2"><a title="Voir le produit" href="epicerie-sal%25C3%25A9e/conserves,-plats-cuisin%25C3%25A9s/crabe-tourteau/id1/479/96868.html"><h3>NAUTILUS</h3><h4>Crabe tourteau</h4><h4></h4><p>
121 g
<br/>
43.31€/kg
</p></a></div><div class="mini_picto_bas"></div></div></div></td><td><div class="bloc-produit promotion"><div class="bloc-produit-content"><a title="Voir le produit" href="epicerie-sal%25C3%25A9e/conserves,-plats-cuisin%25C3%25A9s/filet-de-maquereaux-au-naturel/id1/479/89555.html"><img src="http://www.refonte.auchandirect.fr/static/images/products/line/89555.jpg" alt="" class="produit "/></a><div class="picto"><span class="invisible"></span></div><img src="http://www.refonte.auchandirect.fr/static/images/promo_small.png" class="ruban"/><div class="boutons-produit"><a id="addProductToBasket_34" onclick="javascript:Tapestry.waitForPage(event);" title="Ajouter au panier" class="bt-produit-ajout-panier" href="http://www.refonte.auchandirect.fr/rayon.productgridorlist.productlist.thumbnailproduct.addproducttobasket/89555?t:ac=promos">Ajouter au panier</a><a id="addProductToShoppingList_34" onclick="javascript:Tapestry.waitForPage(event);" title="Ajouter à ma liste" class="bt-produit-ajout-liste" href="http://www.refonte.auchandirect.fr/rayon.productgridorlist.productlist.thumbnailproduct.addproducttoshoppinglist/89555?t:ac=promos">Ajouter à ma liste</a></div><div class="infos-produit-1"><div class="prix-actuel"><span>4.90€</span></div></div><div class="infos-produit-2"><a title="Voir le produit" href="epicerie-sal%25C3%25A9e/conserves,-plats-cuisin%25C3%25A9s/filet-de-maquereaux-au-naturel/id1/479/89555.html"><h3>SAUPIQUET</h3><h4>Filet de maquereaux au naturel</h4><h4>OFFRE PROMO</h4><p>
176 g
<br/>
9.66€/kg
</p></a></div><div class="mini_picto_bas"></div></div></div></td></tr><tr><td><div class="bloc-produit promotion"><div class="bloc-produit-content"><a title="Voir le produit" href="epicerie-sal%25C3%25A9e/conserves,-plats-cuisin%25C3%25A9s/saladi%25C3%25A8re-mexicaine/id1/479/96444.html"><img src="http://www.refonte.auchandirect.fr/static/images/products/line/96444.jpg" alt="" class="produit "/></a><div class="picto"><span class="invisible"></span></div><img src="http://www.refonte.auchandirect.fr/static/images/promo_small.png" class="ruban"/><div class="boutons-produit"><a id="addProductToBasket_35" onclick="javascript:Tapestry.waitForPage(event);" title="Ajouter au panier" class="bt-produit-ajout-panier" href="http://www.refonte.auchandirect.fr/rayon.productgridorlist.productlist.thumbnailproduct.addproducttobasket/96444?t:ac=promos">Ajouter au panier</a><a id="addProductToShoppingList_35" onclick="javascript:Tapestry.waitForPage(event);" title="Ajouter à ma liste" class="bt-produit-ajout-liste" href="http://www.refonte.auchandirect.fr/rayon.productgridorlist.productlist.thumbnailproduct.addproducttoshoppinglist/96444?t:ac=promos">Ajouter à ma liste</a></div><div class="infos-produit-1"><div class="prix-actuel"><span>3.65€</span></div></div><div class="infos-produit-2"><a title="Voir le produit" href="epicerie-sal%25C3%25A9e/conserves,-plats-cuisin%25C3%25A9s/saladi%25C3%25A8re-mexicaine/id1/479/96444.html"><h3>SAUPIQUET</h3><h4>Saladière mexicaine</h4><h4></h4><p>
2 x 250 g
<br/>
7.30€/kg
</p></a></div><div class="mini_picto_bas"></div></div></div></td><td><div class="bloc-produit promotion"><div class="bloc-produit-content"><a title="Voir le produit" href="epicerie-sal%25C3%25A9e/conserves,-plats-cuisin%25C3%25A9s/saladi%25C3%25A8re-ni%25C3%25A7oise/id1/479/96445.html"><img src="http://www.refonte.auchandirect.fr/static/images/products/line/96445.jpg" alt="" class="produit "/></a><div class="picto"><span class="invisible"></span></div><img src="http://www.refonte.auchandirect.fr/static/images/promo_small.png" class="ruban"/><div class="boutons-produit"><a id="addProductToBasket_36" onclick="javascript:Tapestry.waitForPage(event);" title="Ajouter au panier" class="bt-produit-ajout-panier" href="http://www.refonte.auchandirect.fr/rayon.productgridorlist.productlist.thumbnailproduct.addproducttobasket/96445?t:ac=promos">Ajouter au panier</a><a id="addProductToShoppingList_36" onclick="javascript:Tapestry.waitForPage(event);" title="Ajouter à ma liste" class="bt-produit-ajout-liste" href="http://www.refonte.auchandirect.fr/rayon.productgridorlist.productlist.thumbnailproduct.addproducttoshoppinglist/96445?t:ac=promos">Ajouter à ma liste</a></div><div class="infos-produit-1"><div class="prix-actuel"><span>3.65€</span></div></div><div class="infos-produit-2"><a title="Voir le produit" href="epicerie-sal%25C3%25A9e/conserves,-plats-cuisin%25C3%25A9s/saladi%25C3%25A8re-ni%25C3%25A7oise/id1/479/96445.html"><h3>SAUPIQUET</h3><h4>Saladière niçoise</h4><h4></h4><p>
2x250g
<br/>
7.30€/kg
</p></a></div><div class="mini_picto_bas"></div></div></div></td><td><div class="bloc-produit promotion"><div class="bloc-produit-content"><a title="Voir le produit" href="epicerie-sal%25C3%25A9e/conserves,-plats-cuisin%25C3%25A9s/filets-de-maquereaux/id1/479/2548.html"><img src="http://www.refonte.auchandirect.fr/static/images/products/line/2548.jpg" alt="" class="produit "/></a><div class="picto"><span class="invisible"></span></div><img src="http://www.refonte.auchandirect.fr/static/images/promo_small.png" class="ruban"/><div class="boutons-produit"><a id="addProductToBasket_37" onclick="javascript:Tapestry.waitForPage(event);" title="Ajouter au panier" class="bt-produit-ajout-panier" href="http://www.refonte.auchandirect.fr/rayon.productgridorlist.productlist.thumbnailproduct.addproducttobasket/2548?t:ac=promos">Ajouter au panier</a><a id="addProductToShoppingList_37" onclick="javascript:Tapestry.waitForPage(event);" title="Ajouter à ma liste" class="bt-produit-ajout-liste" href="http://www.refonte.auchandirect.fr/rayon.productgridorlist.productlist.thumbnailproduct.addproducttoshoppinglist/2548?t:ac=promos">Ajouter à ma liste</a></div><div class="infos-produit-1"><div class="prix-actuel"><span>5.20€</span></div></div><div class="infos-produit-2"><a title="Voir le produit" href="epicerie-sal%25C3%25A9e/conserves,-plats-cuisin%25C3%25A9s/filets-de-maquereaux/id1/479/2548.html"><h3>SAUPIQUET</h3><h4>Filets de maquereaux</h4><h4>PRIX CHOC</h4><p>
3 x 169 g
<br/>
10.26€/kg
</p></a></div><div class="mini_picto_bas"><img src="http://www.refonte.auchandirect.fr/static/images/DLC-garantie-30j_small.jpg"/><img src="http://www.refonte.auchandirect.fr/static/images/petit-format_small.jpg"/></div></div></div></td></tr><tr><td></td><td></td><td></td></tr></table><div class="pro-ecolo"><h1>Petit-Déjeuner Epicerie Sucrée</h1></div><table><tr><td><div class="bloc-produit promotion"><div class="bloc-produit-content"><a title="Voir le produit" href="petit-d%25C3%25A9jeuner-epicerie-sucr%25C3%25A9e/petit-d%25C3%25A9jeuner/grandlait-demi-%25C3%25A9cr%25C3%25A9m%25C3%25A9-bouteille/id1/484/109661.html"><img src="http://www.refonte.auchandirect.fr/static/images/products/line/109661.jpg" alt="" class="produit "/></a><div class="picto"><span class="invisible"></span></div><img src="http://www.refonte.auchandirect.fr/static/images/promo_small.png" class="ruban"/><div class="boutons-produit"><a id="addProductToBasket_38" onclick="javascript:Tapestry.waitForPage(event);" title="Ajouter au panier" class="bt-produit-ajout-panier" href="http://www.refonte.auchandirect.fr/rayon.productgridorlist.productlist.thumbnailproduct.addproducttobasket/109661?t:ac=promos">Ajouter au panier</a><a id="addProductToShoppingList_38" onclick="javascript:Tapestry.waitForPage(event);" title="Ajouter à ma liste" class="bt-produit-ajout-liste" href="http://www.refonte.auchandirect.fr/rayon.productgridorlist.productlist.thumbnailproduct.addproducttoshoppinglist/109661?t:ac=promos">Ajouter à ma liste</a></div><div class="infos-produit-1"><div class="prix-actuel"><span>5.99€</span></div></div><div class="infos-produit-2"><a title="Voir le produit" href="petit-d%25C3%25A9jeuner-epicerie-sucr%25C3%25A9e/petit-d%25C3%25A9jeuner/grandlait-demi-%25C3%25A9cr%25C3%25A9m%25C3%25A9-bouteille/id1/484/109661.html"><h3>CANDIA</h3><h4>Grandlait demi-écrémé bouteille</h4><h4></h4><p>
1.5 l x 6
<br/>
0.80€/pièce
</p></a></div><div class="mini_picto_bas"></div></div></div></td><td><div class="bloc-produit promotion"><div class="bloc-produit-content"><a title="Voir le produit" href="petit-d%25C3%25A9jeuner-epicerie-sucr%25C3%25A9e/petit-d%25C3%25A9jeuner/caf%25C3%25A9-moulu-en-dosettes-individuelles-souples-/id1/484/76613.html"><img src="http://www.refonte.auchandirect.fr/static/images/products/line/76613.jpg" alt="" class="produit "/></a><div class="picto"><span class="invisible"></span></div><img src="http://www.refonte.auchandirect.fr/static/images/promo_small.png" class="ruban"/><div class="boutons-produit"><a id="addProductToBasket_39" onclick="javascript:Tapestry.waitForPage(event);" title="Ajouter au panier" class="bt-produit-ajout-panier" href="http://www.refonte.auchandirect.fr/rayon.productgridorlist.productlist.thumbnailproduct.addproducttobasket/76613?t:ac=promos">Ajouter au panier</a><a id="addProductToShoppingList_39" onclick="javascript:Tapestry.waitForPage(event);" title="Ajouter à ma liste" class="bt-produit-ajout-liste" href="http://www.refonte.auchandirect.fr/rayon.productgridorlist.productlist.thumbnailproduct.addproducttoshoppinglist/76613?t:ac=promos">Ajouter à ma liste</a></div><div class="infos-produit-1"><div class="prix-actuel"><span>4.15€</span></div></div><div class="infos-produit-2"><a title="Voir le produit" href="petit-d%25C3%25A9jeuner-epicerie-sucr%25C3%25A9e/petit-d%25C3%25A9jeuner/caf%25C3%25A9-moulu-en-dosettes-individuelles-souples-/id1/484/76613.html"><h3>CARTE NOIRE</h3><h4>Café moulu en dosettes individuelles souples.</h4><h4></h4><p>
36 pièces
<br/>
16.60€/kg
</p></a></div><div class="mini_picto_bas"></div></div></div></td><td><div class="bloc-produit promotion"><div class="bloc-produit-content"><a title="Voir le produit" href="petit-d%25C3%25A9jeuner-epicerie-sucr%25C3%25A9e/petit-d%25C3%25A9jeuner/lv_country-crisp-riche-en-noix,-500-g/id1/484/LV0000000749.html"><img src="http://www.refonte.auchandirect.fr/static/images/products/line/LV0000000749.jpg" alt="" class="produit "/></a><div class="picto"><span class="invisible"></span></div><img src="http://www.refonte.auchandirect.fr/static/images/le-2eme-a-50pourcent_small.png" class="ruban"/><div class="boutons-produit"><a id="addProductToBasket_40" onclick="javascript:Tapestry.waitForPage(event);" title="Ajouter au panier" class="bt-produit-ajout-panier" href="http://www.refonte.auchandirect.fr/rayon.productgridorlist.productlist.thumbnailproduct.addproducttobasket/LV0000000749?t:ac=promos">Ajouter au panier</a><a id="addProductToShoppingList_40" onclick="javascript:Tapestry.waitForPage(event);" title="Ajouter à ma liste" class="bt-produit-ajout-liste" href="http://www.refonte.auchandirect.fr/rayon.productgridorlist.productlist.thumbnailproduct.addproducttoshoppinglist/LV0000000749?t:ac=promos">Ajouter à ma liste</a></div><div class="infos-produit-1"><div class="prix-old">7.20€</div><div class="prix-promo">5.40€</div></div><div class="infos-produit-2"><a title="Voir le produit" href="petit-d%25C3%25A9jeuner-epicerie-sucr%25C3%25A9e/petit-d%25C3%25A9jeuner/lv_country-crisp-riche-en-noix,-500-g/id1/484/LV0000000749.html"><h3>COUNTRY CRISP</h3><h4></h4><h4>Country Crisp riche en noix, 550 g</h4><p>

<br/>
4.91€/kg
</p></a></div><div class="mini_picto_bas"></div></div></div></td></tr><tr><td><div class="bloc-produit promotion"><div class="bloc-produit-content"><a title="Voir le produit" href="petit-d%25C3%25A9jeuner-epicerie-sucr%25C3%25A9e/chocolats,-confiseries/chocolat-pralin%25C3%25A9-fondant-lait/id1/485/73488.html"><img src="http://www.refonte.auchandirect.fr/static/images/products/line/73488.jpg" alt="" class="produit "/></a><div class="picto"><span class="invisible"></span></div><img src="http://www.refonte.auchandirect.fr/static/images/promo_small.png" class="ruban"/><div class="boutons-produit"><a id="addProductToBasket_41" onclick="javascript:Tapestry.waitForPage(event);" title="Ajouter au panier" class="bt-produit-ajout-panier" href="http://www.refonte.auchandirect.fr/rayon.productgridorlist.productlist.thumbnailproduct.addproducttobasket/73488?t:ac=promos">Ajouter au panier</a><a id="addProductToShoppingList_41" onclick="javascript:Tapestry.waitForPage(event);" title="Ajouter à ma liste" class="bt-produit-ajout-liste" href="http://www.refonte.auchandirect.fr/rayon.productgridorlist.productlist.thumbnailproduct.addproducttoshoppinglist/73488?t:ac=promos">Ajouter à ma liste</a></div><div class="infos-produit-1"><div class="prix-actuel"><span>4.95€</span></div></div><div class="infos-produit-2"><a title="Voir le produit" href="petit-d%25C3%25A9jeuner-epicerie-sucr%25C3%25A9e/chocolats,-confiseries/chocolat-pralin%25C3%25A9-fondant-lait/id1/485/73488.html"><h3>CÔTE D'OR</h3><h4>Chocolat praliné fondant lait</h4><h4></h4><p>
2 x 200 g
<br/>
12.38€/kg
</p></a></div><div class="mini_picto_bas"></div></div></div></td><td><div class="bloc-produit promotion"><div class="bloc-produit-content"><a title="Voir le produit" href="petit-d%25C3%25A9jeuner-epicerie-sucr%25C3%25A9e/petit-d%25C3%25A9jeuner/caf%25C3%25A9-moulu-du-p%25C3%25A9rou/id1/484/55433.html"><img src="http://www.refonte.auchandirect.fr/static/images/products/line/55433.jpg" alt="" class="produit "/></a><div class="picto"><span class="invisible"></span></div><img src="http://www.refonte.auchandirect.fr/static/images/promo_small.png" class="ruban"/><div class="boutons-produit"><a id="addProductToBasket_42" onclick="javascript:Tapestry.waitForPage(event);" title="Ajouter au panier" class="bt-produit-ajout-panier" href="http://www.refonte.auchandirect.fr/rayon.productgridorlist.productlist.thumbnailproduct.addproducttobasket/55433?t:ac=promos">Ajouter au panier</a><a id="addProductToShoppingList_42" onclick="javascript:Tapestry.waitForPage(event);" title="Ajouter à ma liste" class="bt-produit-ajout-liste" href="http://www.refonte.auchandirect.fr/rayon.productgridorlist.productlist.thumbnailproduct.addproducttoshoppinglist/55433?t:ac=promos">Ajouter à ma liste</a></div><div class="infos-produit-1"><div class="prix-actuel"><span>4.99€</span></div></div><div class="infos-produit-2"><a title="Voir le produit" href="petit-d%25C3%25A9jeuner-epicerie-sucr%25C3%25A9e/petit-d%25C3%25A9jeuner/caf%25C3%25A9-moulu-du-p%25C3%25A9rou/id1/484/55433.html"><h3>ETHIQUABLE</h3><h4>Café moulu du Pérou</h4><h4></h4><p>
250 g
<br/>
19.96€/kg
</p></a></div><div class="mini_picto_bas"></div></div></div></td><td><div class="bloc-produit promotion"><div class="bloc-produit-content"><a title="Voir le produit" href="petit-d%25C3%25A9jeuner-epicerie-sucr%25C3%25A9e/petit-d%25C3%25A9jeuner/toasts-ronds-brioch%25C3%25A9s/id1/484/25607.html"><img src="http://www.refonte.auchandirect.fr/static/images/products/line/25607.jpg" alt="" class="produit "/></a><div class="picto"><span class="invisible"></span></div><img src="http://www.refonte.auchandirect.fr/static/images/moins-50pourcent_small.png" class="ruban"/><div class="boutons-produit"><a id="addProductToBasket_43" onclick="javascript:Tapestry.waitForPage(event);" title="Ajouter au panier" class="bt-produit-ajout-panier" href="http://www.refonte.auchandirect.fr/rayon.productgridorlist.productlist.thumbnailproduct.addproducttobasket/25607?t:ac=promos">Ajouter au panier</a><a id="addProductToShoppingList_43" onclick="javascript:Tapestry.waitForPage(event);" title="Ajouter à ma liste" class="bt-produit-ajout-liste" href="http://www.refonte.auchandirect.fr/rayon.productgridorlist.productlist.thumbnailproduct.addproducttoshoppinglist/25607?t:ac=promos">Ajouter à ma liste</a></div><div class="infos-produit-1"><div class="prix-old">1.53€</div><div class="prix-promo">0.76€</div></div><div class="infos-produit-2"><a title="Voir le produit" href="petit-d%25C3%25A9jeuner-epicerie-sucr%25C3%25A9e/petit-d%25C3%25A9jeuner/toasts-ronds-brioch%25C3%25A9s/id1/484/25607.html"><h3>JACQUET</h3><h4>Toasts ronds briochés</h4><h4>Special foie gras</h4><p>
250 g
<br/>
3.04€/kg
</p></a></div><div class="mini_picto_bas"><img alt="frais" src="http://www.refonte.auchandirect.fr/static/images/frais_small.jpg"/><img src="http://www.refonte.auchandirect.fr/static/images/DLC-garantie-2j_small.jpg"/></div></div></div></td></tr><tr><td><div class="bloc-produit promotion"><div class="bloc-produit-content"><a title="Voir le produit" href="petit-d%25C3%25A9jeuner-epicerie-sucr%25C3%25A9e/petit-d%25C3%25A9jeuner/toast-rond-au-seigle/id1/484/57863.html"><img src="http://www.refonte.auchandirect.fr/static/images/products/line/57863.jpg" alt="" class="produit "/></a><div class="picto"><span class="invisible"></span></div><img src="http://www.refonte.auchandirect.fr/static/images/moins-50pourcent_small.png" class="ruban"/><div class="boutons-produit"><a id="addProductToBasket_44" onclick="javascript:Tapestry.waitForPage(event);" title="Ajouter au panier" class="bt-produit-ajout-panier" href="http://www.refonte.auchandirect.fr/rayon.productgridorlist.productlist.thumbnailproduct.addproducttobasket/57863?t:ac=promos">Ajouter au panier</a><a id="addProductToShoppingList_44" onclick="javascript:Tapestry.waitForPage(event);" title="Ajouter à ma liste" class="bt-produit-ajout-liste" href="http://www.refonte.auchandirect.fr/rayon.productgridorlist.productlist.thumbnailproduct.addproducttoshoppinglist/57863?t:ac=promos">Ajouter à ma liste</a></div><div class="infos-produit-1"><div class="prix-old">1.53€</div><div class="prix-promo">0.76€</div></div><div class="infos-produit-2"><a title="Voir le produit" href="petit-d%25C3%25A9jeuner-epicerie-sucr%25C3%25A9e/petit-d%25C3%25A9jeuner/toast-rond-au-seigle/id1/484/57863.html"><h3>JACQUET</h3><h4>Toast rond au seigle</h4><h4>Special Fruits de Mer</h4><p>
36 toasts
<br/>
3.04€/kg
</p></a></div><div class="mini_picto_bas"><img alt="frais" src="http://www.refonte.auchandirect.fr/static/images/frais_small.jpg"/><img src="http://www.refonte.auchandirect.fr/static/images/DLC-garantie-2j_small.jpg"/></div></div></div></td><td><div class="bloc-produit promotion"><div class="bloc-produit-content"><a title="Voir le produit" href="petit-d%25C3%25A9jeuner-epicerie-sucr%25C3%25A9e/petit-d%25C3%25A9jeuner/assortiment-de-mini-canap%25C3%25A9s/id1/484/51527.html"><img src="http://www.refonte.auchandirect.fr/static/images/products/line/51527.jpg" alt="" class="produit "/></a><div class="picto"><span class="invisible"></span></div><img src="http://www.refonte.auchandirect.fr/static/images/moins-50pourcent_small.png" class="ruban"/><div class="boutons-produit"><a id="addProductToBasket_45" onclick="javascript:Tapestry.waitForPage(event);" title="Ajouter au panier" class="bt-produit-ajout-panier" href="http://www.refonte.auchandirect.fr/rayon.productgridorlist.productlist.thumbnailproduct.addproducttobasket/51527?t:ac=promos">Ajouter au panier</a><a id="addProductToShoppingList_45" onclick="javascript:Tapestry.waitForPage(event);" title="Ajouter à ma liste" class="bt-produit-ajout-liste" href="http://www.refonte.auchandirect.fr/rayon.productgridorlist.productlist.thumbnailproduct.addproducttoshoppinglist/51527?t:ac=promos">Ajouter à ma liste</a></div><div class="infos-produit-1"><div class="prix-old">1.45€</div><div class="prix-promo">0.72€</div></div><div class="infos-produit-2"><a title="Voir le produit" href="petit-d%25C3%25A9jeuner-epicerie-sucr%25C3%25A9e/petit-d%25C3%25A9jeuner/assortiment-de-mini-canap%25C3%25A9s/id1/484/51527.html"><h3>JACQUET</h3><h4>Assortiment de mini canapés</h4><h4>Nature</h4><p>
250 g
<br/>
2.88€/kg
</p></a></div><div class="mini_picto_bas"><img alt="frais" src="http://www.refonte.auchandirect.fr/static/images/frais_small.jpg"/><img src="http://www.refonte.auchandirect.fr/static/images/DLC-garantie-2j_small.jpg"/></div></div></div></td><td><div class="bloc-produit promotion"><div class="bloc-produit-content"><a title="Voir le produit" href="petit-d%25C3%25A9jeuner-epicerie-sucr%25C3%25A9e/petit-d%25C3%25A9jeuner/sp%25C3%25A9cial-k-nature/id1/484/104287.html"><img src="http://www.refonte.auchandirect.fr/static/images/products/line/104287.jpg" alt="" class="produit "/></a><div class="picto"><span class="invisible"></span></div><img src="http://www.refonte.auchandirect.fr/static/images/promo_small.png" class="ruban"/><div class="boutons-produit"><a id="addProductToBasket_46" onclick="javascript:Tapestry.waitForPage(event);" title="Ajouter au panier" class="bt-produit-ajout-panier" href="http://www.refonte.auchandirect.fr/rayon.productgridorlist.productlist.thumbnailproduct.addproducttobasket/104287?t:ac=promos">Ajouter au panier</a><a id="addProductToShoppingList_46" onclick="javascript:Tapestry.waitForPage(event);" title="Ajouter à ma liste" class="bt-produit-ajout-liste" href="http://www.refonte.auchandirect.fr/rayon.productgridorlist.productlist.thumbnailproduct.addproducttoshoppinglist/104287?t:ac=promos">Ajouter à ma liste</a></div><div class="infos-produit-1"><div class="prix-actuel"><span>2.80€</span></div></div><div class="infos-produit-2"><a title="Voir le produit" href="petit-d%25C3%25A9jeuner-epicerie-sucr%25C3%25A9e/petit-d%25C3%25A9jeuner/sp%25C3%25A9cial-k-nature/id1/484/104287.html"><h3>KELLOGG'S</h3><h4>Spécial K nature</h4><h4>Spécial K</h4><p>
450 g
<br/>
6.22€/kg
</p></a></div><div class="mini_picto_bas"></div></div></div></td></tr><tr><td><div class="bloc-produit promotion"><div class="bloc-produit-content"><a title="Voir le produit" href="petit-d%25C3%25A9jeuner-epicerie-sucr%25C3%25A9e/petit-d%25C3%25A9jeuner/special-k-au-chocolat-noir-prix-choc/id1/484/107345.html"><img src="http://www.refonte.auchandirect.fr/static/images/products/line/107345.jpg" alt="" class="produit "/></a><div class="picto"><span class="invisible"></span></div><img src="http://www.refonte.auchandirect.fr/static/images/promo_small.png" class="ruban"/><div class="boutons-produit"><a id="addProductToBasket_47" onclick="javascript:Tapestry.waitForPage(event);" title="Ajouter au panier" class="bt-produit-ajout-panier" href="http://www.refonte.auchandirect.fr/rayon.productgridorlist.productlist.thumbnailproduct.addproducttobasket/107345?t:ac=promos">Ajouter au panier</a><a id="addProductToShoppingList_47" onclick="javascript:Tapestry.waitForPage(event);" title="Ajouter à ma liste" class="bt-produit-ajout-liste" href="http://www.refonte.auchandirect.fr/rayon.productgridorlist.productlist.thumbnailproduct.addproducttoshoppinglist/107345?t:ac=promos">Ajouter à ma liste</a></div><div class="infos-produit-1"><div class="prix-actuel"><span>4.15€</span></div></div><div class="infos-produit-2"><a title="Voir le produit" href="petit-d%25C3%25A9jeuner-epicerie-sucr%25C3%25A9e/petit-d%25C3%25A9jeuner/special-k-au-chocolat-noir-prix-choc/id1/484/107345.html"><h3>KELLOGG'S</h3><h4>Special k au chocolat noir prix choc</h4><h4>Special k</h4><p>
550 g
<br/>
7.55€/kg
</p></a></div><div class="mini_picto_bas"></div></div></div></td><td><div class="bloc-produit promotion"><div class="bloc-produit-content"><a title="Voir le produit" href="petit-d%25C3%25A9jeuner-epicerie-sucr%25C3%25A9e/petit-d%25C3%25A9jeuner/special-k-chocolat-au-lait-prix-choc/id1/484/107165.html"><img src="http://www.refonte.auchandirect.fr/static/images/products/line/107165.jpg" alt="" class="produit "/></a><div class="picto"><span class="invisible"></span></div><img src="http://www.refonte.auchandirect.fr/static/images/promo_small.png" class="ruban"/><div class="boutons-produit"><a id="addProductToBasket_48" onclick="javascript:Tapestry.waitForPage(event);" title="Ajouter au panier" class="bt-produit-ajout-panier" href="http://www.refonte.auchandirect.fr/rayon.productgridorlist.productlist.thumbnailproduct.addproducttobasket/107165?t:ac=promos">Ajouter au panier</a><a id="addProductToShoppingList_48" onclick="javascript:Tapestry.waitForPage(event);" title="Ajouter à ma liste" class="bt-produit-ajout-liste" href="http://www.refonte.auchandirect.fr/rayon.productgridorlist.productlist.thumbnailproduct.addproducttoshoppinglist/107165?t:ac=promos">Ajouter à ma liste</a></div><div class="infos-produit-1"><div class="prix-actuel"><span>4.15€</span></div></div><div class="infos-produit-2"><a title="Voir le produit" href="petit-d%25C3%25A9jeuner-epicerie-sucr%25C3%25A9e/petit-d%25C3%25A9jeuner/special-k-chocolat-au-lait-prix-choc/id1/484/107165.html"><h3>KELLOGG'S</h3><h4>Special k chocolat au lait prix choc</h4><h4>Special k</h4><p>
550 g
<br/>
7.55€/kg
</p></a></div><div class="mini_picto_bas"></div></div></div></td><td><div class="bloc-produit promotion"><div class="bloc-produit-content"><a title="Voir le produit" href="petit-d%25C3%25A9jeuner-epicerie-sucr%25C3%25A9e/petit-d%25C3%25A9jeuner/caf%25C3%25A9-moulu-pur-arabica/id1/484/101006.html"><img src="http://www.refonte.auchandirect.fr/static/images/products/line/101006.jpg" alt="" class="produit "/></a><div class="picto"><span class="invisible"></span></div><img src="http://www.refonte.auchandirect.fr/static/images/promo_small.png" class="ruban"/><div class="boutons-produit"><a id="addProductToBasket_49" onclick="javascript:Tapestry.waitForPage(event);" title="Ajouter au panier" class="bt-produit-ajout-panier" href="http://www.refonte.auchandirect.fr/rayon.productgridorlist.productlist.thumbnailproduct.addproducttobasket/101006?t:ac=promos">Ajouter au panier</a><a id="addProductToShoppingList_49" onclick="javascript:Tapestry.waitForPage(event);" title="Ajouter à ma liste" class="bt-produit-ajout-liste" href="http://www.refonte.auchandirect.fr/rayon.productgridorlist.productlist.thumbnailproduct.addproducttoshoppinglist/101006?t:ac=promos">Ajouter à ma liste</a></div><div class="infos-produit-1"><div class="prix-actuel"><span>7.00€</span></div></div><div class="infos-produit-2"><a title="Voir le produit" href="petit-d%25C3%25A9jeuner-epicerie-sucr%25C3%25A9e/petit-d%25C3%25A9jeuner/caf%25C3%25A9-moulu-pur-arabica/id1/484/101006.html"><h3>LAVAZZA</h3><h4>Café moulu pur arabica</h4><h4>Expresso Italiano</h4><p>
2 x 250 g
<br/>
14.00€/kg
</p></a></div><div class="mini_picto_bas"><img src="http://www.refonte.auchandirect.fr/static/images/DLC-garantie-30j_small.jpg"/></div></div></div></td></tr><tr><td><div class="bloc-produit promotion"><div class="bloc-produit-content"><a title="Voir le produit" href="petit-d%25C3%25A9jeuner-epicerie-sucr%25C3%25A9e/petit-d%25C3%25A9jeuner/barres-c%25C3%25A9r%25C3%25A9ales-au-chocolat-x-8-+-4-gratuites/id1/484/102661.html"><img src="http://www.refonte.auchandirect.fr/static/images/products/line/102661.jpg" alt="" class="produit "/></a><div class="picto"><span class="invisible"></span></div><img src="http://www.refonte.auchandirect.fr/static/images/promo_small.png" class="ruban"/><div class="boutons-produit"><a id="addProductToBasket_50" onclick="javascript:Tapestry.waitForPage(event);" title="Ajouter au panier" class="bt-produit-ajout-panier" href="http://www.refonte.auchandirect.fr/rayon.productgridorlist.productlist.thumbnailproduct.addproducttobasket/102661?t:ac=promos">Ajouter au panier</a><a id="addProductToShoppingList_50" onclick="javascript:Tapestry.waitForPage(event);" title="Ajouter à ma liste" class="bt-produit-ajout-liste" href="http://www.refonte.auchandirect.fr/rayon.productgridorlist.productlist.thumbnailproduct.addproducttoshoppinglist/102661?t:ac=promos">Ajouter à ma liste</a></div><div class="infos-produit-1"><div class="prix-actuel"><span>2.66€</span></div></div><div class="infos-produit-2"><a title="Voir le produit" href="petit-d%25C3%25A9jeuner-epicerie-sucr%25C3%25A9e/petit-d%25C3%25A9jeuner/barres-c%25C3%25A9r%25C3%25A9ales-au-chocolat-x-8-+-4-gratuites/id1/484/102661.html"><h3>NESTLE</h3><h4>Barres céréales au chocolat x 8 + 4 gratuites</h4><h4>+ 4 GRATUITES</h4><p>
x 8 + 4 gratuites
<br/>
8.87€/kg
</p></a></div><div class="mini_picto_bas"></div></div></div></td><td><div class="bloc-produit promotion"><div class="bloc-produit-content"><a title="Voir le produit" href="petit-d%25C3%25A9jeuner-epicerie-sucr%25C3%25A9e/petit-d%25C3%25A9jeuner/dosettes-de-caf%25C3%25A9-offre-eco/id1/484/76809.html"><img src="http://www.refonte.auchandirect.fr/static/images/products/line/76809.jpg" alt="" class="produit "/></a><div class="picto"><span class="invisible"></span></div><img src="http://www.refonte.auchandirect.fr/static/images/promo_small.png" class="ruban"/><div class="boutons-produit"><a id="addProductToBasket_51" onclick="javascript:Tapestry.waitForPage(event);" title="Ajouter au panier" class="bt-produit-ajout-panier" href="http://www.refonte.auchandirect.fr/rayon.productgridorlist.productlist.thumbnailproduct.addproducttobasket/76809?t:ac=promos">Ajouter au panier</a><a id="addProductToShoppingList_51" onclick="javascript:Tapestry.waitForPage(event);" title="Ajouter à ma liste" class="bt-produit-ajout-liste" href="http://www.refonte.auchandirect.fr/rayon.productgridorlist.productlist.thumbnailproduct.addproducttoshoppinglist/76809?t:ac=promos">Ajouter à ma liste</a></div><div class="infos-produit-1"><div class="prix-actuel"><span>4.25€</span></div></div><div class="infos-produit-2"><a title="Voir le produit" href="petit-d%25C3%25A9jeuner-epicerie-sucr%25C3%25A9e/petit-d%25C3%25A9jeuner/dosettes-de-caf%25C3%25A9-offre-eco/id1/484/76809.html"><h3>SENSEO</h3><h4>Dosettes de café Offre Eco</h4><h4>Doux</h4><p>
250 g
<br/>
17.00€/kg
</p></a></div><div class="mini_picto_bas"></div></div></div></td><td><div class="bloc-produit promotion"><div class="bloc-produit-content"><a title="Voir le produit" href="lv_special-k-chocolat-au-lait-prix-choc,-550-g/id1/0/LV0000002196.html"><img src="http://www.refonte.auchandirect.fr/static/images/products/line/LV0000002196.jpg" alt="" class="produit "/></a><div class="picto"><span class="invisible"></span></div><img src="http://www.refonte.auchandirect.fr/static/images/le-2eme-a-50pourcent_small.png" class="ruban"/><div class="boutons-produit"><a id="addProductToBasket_52" onclick="javascript:Tapestry.waitForPage(event);" title="Ajouter au panier" class="bt-produit-ajout-panier" href="http://www.refonte.auchandirect.fr/rayon.productgridorlist.productlist.thumbnailproduct.addproducttobasket/LV0000002196?t:ac=promos">Ajouter au panier</a><a id="addProductToShoppingList_52" onclick="javascript:Tapestry.waitForPage(event);" title="Ajouter à ma liste" class="bt-produit-ajout-liste" href="http://www.refonte.auchandirect.fr/rayon.productgridorlist.productlist.thumbnailproduct.addproducttoshoppinglist/LV0000002196?t:ac=promos">Ajouter à ma liste</a></div><div class="infos-produit-1"><div class="prix-old">8.30€</div><div class="prix-promo">6.23€</div></div><div class="infos-produit-2"><a title="Voir le produit" href="lv_special-k-chocolat-au-lait-prix-choc,-550-g/id1/0/LV0000002196.html"><h3>SPECIAL K </h3><h4></h4><h4>Special k chocolat au lait prix choc, 550 g</h4><p>

<br/>
5.66€/kg
</p></a></div><div class="mini_picto_bas"></div></div></div></td></tr><tr><td><div class="bloc-produit promotion"><div class="bloc-produit-content"><a title="Voir le produit" href="http://www.refonte.auchandirect.fr/petit-déjeuner-epicerie-sucrée/petit-déjeuner/café-moulu-pur-arabica-doux/id1/484/61042"><img src="http://www.refonte.auchandirect.fr/static/images/products/line/61042.jpg" alt="" class="produit "/></a><div class="picto"><span class="invisible"></span></div><img src="http://www.refonte.auchandirect.fr/static/images/promo_small.png" class="ruban"/><div class="boutons-produit"><a id="addProductToBasket_53" onclick="javascript:Tapestry.waitForPage(event);" title="Ajouter au panier" class="bt-produit-ajout-panier" href="http://www.refonte.auchandirect.fr/rayon.productgridorlist.productlist.thumbnailproduct.addproducttobasket/61042?t:ac=promos">Ajouter au panier</a><a id="addProductToShoppingList_53" onclick="javascript:Tapestry.waitForPage(event);" title="Ajouter à ma liste" class="bt-produit-ajout-liste" href="http://www.refonte.auchandirect.fr/rayon.productgridorlist.productlist.thumbnailproduct.addproducttoshoppinglist/61042?t:ac=promos">Ajouter à ma liste</a></div><div class="infos-produit-1"><div class="prix-actuel"><span>5.99€</span></div></div><div class="infos-produit-2"><a title="Voir le produit" href="http://www.refonte.auchandirect.fr/petit-déjeuner-epicerie-sucrée/petit-déjeuner/café-moulu-pur-arabica-doux/id1/484/61042"><h3>VELOURS NOIR</h3><h4>Café moulu pur arabica doux</h4><h4>FORMAT PROMO</h4><p>
2 x 250 g
<br/>
11.98€/kg
</p></a></div><div class="mini_picto_bas"></div></div></div></td><td></td><td></td></tr></table><div class="pro-ecolo"><h1>Boissons</h1></div><table><tr><td><div class="bloc-produit promotion"><div class="bloc-produit-content"><a title="Voir le produit" href="boissons/produits-sal%25C3%25A9s-ap%25C3%25A9ritifs/assortiment-biscuits-ap%25C3%25A9ritif/id1/445712/59246.html"><img src="http://www.refonte.auchandirect.fr/static/images/products/line/59246.jpg" alt="" class="produit "/></a><div class="picto"><span class="invisible"></span></div><img src="http://www.refonte.auchandirect.fr/static/images/promo_small.png" class="ruban"/><div class="boutons-produit"><a id="addProductToBasket_54" onclick="javascript:Tapestry.waitForPage(event);" title="Ajouter au panier" class="bt-produit-ajout-panier" href="http://www.refonte.auchandirect.fr/rayon.productgridorlist.productlist.thumbnailproduct.addproducttobasket/59246?t:ac=promos">Ajouter au panier</a><a id="addProductToShoppingList_54" onclick="javascript:Tapestry.waitForPage(event);" title="Ajouter à ma liste" class="bt-produit-ajout-liste" href="http://www.refonte.auchandirect.fr/rayon.productgridorlist.productlist.thumbnailproduct.addproducttoshoppinglist/59246?t:ac=promos">Ajouter à ma liste</a></div><div class="infos-produit-1"><div class="prix-actuel"><span>3.61€</span></div></div><div class="infos-produit-2"><a title="Voir le produit" href="boissons/produits-sal%25C3%25A9s-ap%25C3%25A9ritifs/assortiment-biscuits-ap%25C3%25A9ritif/id1/445712/59246.html"><h3>BELIN</h3><h4>Assortiment biscuits apéritif</h4><h4>Monaco</h4><p>
340 g
<br/>
10.62€/kg
</p></a></div><div class="mini_picto_bas"></div></div></div></td><td><div class="bloc-produit promotion"><div class="bloc-produit-content"><a title="Voir le produit" href="boissons/produits-sal%25C3%25A9s-ap%25C3%25A9ritifs/lv_assortiment-monaco-offre-eco,-340-g/id1/445712/LV0000000733.html"><img src="http://www.refonte.auchandirect.fr/static/images/products/line/LV0000000733.jpg" alt="" class="produit "/></a><div class="picto"><span class="invisible"></span></div><img src="http://www.refonte.auchandirect.fr/static/images/le-2eme-a-50pourcent_small.png" class="ruban"/><div class="boutons-produit"><a id="addProductToBasket_55" onclick="javascript:Tapestry.waitForPage(event);" title="Ajouter au panier" class="bt-produit-ajout-panier" href="http://www.refonte.auchandirect.fr/rayon.productgridorlist.productlist.thumbnailproduct.addproducttobasket/LV0000000733?t:ac=promos">Ajouter au panier</a><a id="addProductToShoppingList_55" onclick="javascript:Tapestry.waitForPage(event);" title="Ajouter à ma liste" class="bt-produit-ajout-liste" href="http://www.refonte.auchandirect.fr/rayon.productgridorlist.productlist.thumbnailproduct.addproducttoshoppinglist/LV0000000733?t:ac=promos">Ajouter à ma liste</a></div><div class="infos-produit-1"><div class="prix-old">7.22€</div><div class="prix-promo">5.42€</div></div><div class="infos-produit-2"><a title="Voir le produit" href="boissons/produits-sal%25C3%25A9s-ap%25C3%25A9ritifs/lv_assortiment-monaco-offre-eco,-340-g/id1/445712/LV0000000733.html"><h3>BELIN</h3><h4></h4><h4>Assortiment Monaco OFFRE ECO, 340 g</h4><p>

<br/>
7.97€/kg
</p></a></div><div class="mini_picto_bas"></div></div></div></td><td><div class="bloc-produit promotion"><div class="bloc-produit-content"><a title="Voir le produit" href="boissons/vins-et-champagnes/vin-ros%25C3%25A9-provence/id1/506/40681.html"><img src="http://www.refonte.auchandirect.fr/static/images/products/line/40681.jpg" alt="" class="produit "/></a><div class="picto"><span class="invisible"></span></div><img src="http://www.refonte.auchandirect.fr/static/images/promo_small.png" class="ruban"/><div class="boutons-produit"><a id="addProductToBasket_56" onclick="javascript:Tapestry.waitForPage(event);" title="Ajouter au panier" class="bt-produit-ajout-panier" href="http://www.refonte.auchandirect.fr/rayon.productgridorlist.productlist.thumbnailproduct.addproducttobasket/40681?t:ac=promos">Ajouter au panier</a><a id="addProductToShoppingList_56" onclick="javascript:Tapestry.waitForPage(event);" title="Ajouter à ma liste" class="bt-produit-ajout-liste" href="http://www.refonte.auchandirect.fr/rayon.productgridorlist.productlist.thumbnailproduct.addproducttoshoppinglist/40681?t:ac=promos">Ajouter à ma liste</a></div><div class="infos-produit-1"><div class="prix-actuel"><span>3.58€</span></div></div><div class="infos-produit-2"><a title="Voir le produit" href="boissons/vins-et-champagnes/vin-ros%25C3%25A9-provence/id1/506/40681.html"><h3>CÔTES DE PROVENCE</h3><h4>Vin rosé Provence</h4><h4>Billette tradition</h4><p>
75 cl
<br/>
4.77€/l
</p></a></div><div class="mini_picto_bas"></div></div></div></td></tr><tr><td><div class="bloc-produit promotion"><div class="bloc-produit-content"><a title="Voir le produit" href="boissons/bi%25C3%25A8res,-cidres/bi%25C3%25A8re-blonde-premium-5%25C2%25B0/id1/474/31563.html"><img src="http://www.refonte.auchandirect.fr/static/images/products/line/31563.jpg" alt="" class="produit "/></a><div class="picto"><span class="invisible"></span></div><img src="http://www.refonte.auchandirect.fr/static/images/promo_small.png" class="ruban"/><div class="boutons-produit"><a id="addProductToBasket_57" onclick="javascript:Tapestry.waitForPage(event);" title="Ajouter au panier" class="bt-produit-ajout-panier" href="http://www.refonte.auchandirect.fr/rayon.productgridorlist.productlist.thumbnailproduct.addproducttobasket/31563?t:ac=promos">Ajouter au panier</a><a id="addProductToShoppingList_57" onclick="javascript:Tapestry.waitForPage(event);" title="Ajouter à ma liste" class="bt-produit-ajout-liste" href="http://www.refonte.auchandirect.fr/rayon.productgridorlist.productlist.thumbnailproduct.addproducttoshoppinglist/31563?t:ac=promos">Ajouter à ma liste</a></div><div class="infos-produit-1"><div class="prix-actuel"><span>10.80€</span></div></div><div class="infos-produit-2"><a title="Voir le produit" href="boissons/bi%25C3%25A8res,-cidres/bi%25C3%25A8re-blonde-premium-5%25C2%25B0/id1/474/31563.html"><h3>HEINEKEN</h3><h4>Bière blonde Premium 5°</h4><h4></h4><p>
20 x 25 cl
<br/>
2.16€/l
</p></a></div><div class="mini_picto_bas"></div></div></div></td><td><div class="bloc-produit promotion"><div class="bloc-produit-content"><a title="Voir le produit" href="boissons/vins-et-champagnes/vin-ros%25C3%25A9/id1/506/94987.html"><img src="http://www.refonte.auchandirect.fr/static/images/products/line/94987.jpg" alt="" class="produit "/></a><div class="picto"><span class="invisible"></span></div><img src="http://www.refonte.auchandirect.fr/static/images/promo_small.png" class="ruban"/><div class="boutons-produit"><a id="addProductToBasket_58" onclick="javascript:Tapestry.waitForPage(event);" title="Ajouter au panier" class="bt-produit-ajout-panier" href="http://www.refonte.auchandirect.fr/rayon.productgridorlist.productlist.thumbnailproduct.addproducttobasket/94987?t:ac=promos">Ajouter au panier</a><a id="addProductToShoppingList_58" onclick="javascript:Tapestry.waitForPage(event);" title="Ajouter à ma liste" class="bt-produit-ajout-liste" href="http://www.refonte.auchandirect.fr/rayon.productgridorlist.productlist.thumbnailproduct.addproducttoshoppinglist/94987?t:ac=promos">Ajouter à ma liste</a></div><div class="infos-produit-1"><div class="prix-actuel"><span>14.09€</span></div></div><div class="infos-produit-2"><a title="Voir le produit" href="boissons/vins-et-champagnes/vin-ros%25C3%25A9/id1/506/94987.html"><h3>MALESAN</h3><h4>Vin rosé</h4><h4></h4><p>
3 l
<br/>
4.70€/l
</p></a></div><div class="mini_picto_bas"></div></div></div></td><td><div class="bloc-produit promotion"><div class="bloc-produit-content"><a title="Voir le produit" href="boissons/jus,-softs/boisson-aromatis%25C3%25A9e/id1/476/1320.html"><img src="http://www.refonte.auchandirect.fr/static/images/products/line/1320.jpg" alt="" class="produit "/></a><div class="picto"><span class="invisible"></span></div><img src="http://www.refonte.auchandirect.fr/static/images/promo_small.png" class="ruban"/><div class="boutons-produit"><a id="addProductToBasket_59" onclick="javascript:Tapestry.waitForPage(event);" title="Ajouter au panier" class="bt-produit-ajout-panier" href="http://www.refonte.auchandirect.fr/rayon.productgridorlist.productlist.thumbnailproduct.addproducttobasket/1320?t:ac=promos">Ajouter au panier</a><a id="addProductToShoppingList_59" onclick="javascript:Tapestry.waitForPage(event);" title="Ajouter à ma liste" class="bt-produit-ajout-liste" href="http://www.refonte.auchandirect.fr/rayon.productgridorlist.productlist.thumbnailproduct.addproducttoshoppinglist/1320?t:ac=promos">Ajouter à ma liste</a></div><div class="infos-produit-1"><div class="prix-actuel"><span>2.18€</span></div></div><div class="infos-produit-2"><a title="Voir le produit" href="boissons/jus,-softs/boisson-aromatis%25C3%25A9e/id1/476/1320.html"><h3>OASIS</h3><h4>Boisson aromatisée</h4><h4>Pomme-cassis-framboise</h4><p>
2 l
<br/>
1.09€/l
</p></a></div><div class="mini_picto_bas"></div></div></div></td></tr><tr><td><div class="bloc-produit promotion"><div class="bloc-produit-content"><a title="Voir le produit" href="http://www.refonte.auchandirect.fr/boissons/jus,-softs/pomme,-cassis,-framboise/id1/476/73774"><img src="http://www.refonte.auchandirect.fr/static/images/products/line/73774.jpg" alt="" class="produit "/></a><div class="picto"><span class="invisible"></span></div><img src="http://www.refonte.auchandirect.fr/static/images/promo_small.png" class="ruban"/><div class="boutons-produit"><a id="addProductToBasket_60" onclick="javascript:Tapestry.waitForPage(event);" title="Ajouter au panier" class="bt-produit-ajout-panier" href="http://www.refonte.auchandirect.fr/rayon.productgridorlist.productlist.thumbnailproduct.addproducttobasket/73774?t:ac=promos">Ajouter au panier</a><a id="addProductToShoppingList_60" onclick="javascript:Tapestry.waitForPage(event);" title="Ajouter à ma liste" class="bt-produit-ajout-liste" href="http://www.refonte.auchandirect.fr/rayon.productgridorlist.productlist.thumbnailproduct.addproducttoshoppinglist/73774?t:ac=promos">Ajouter à ma liste</a></div><div class="infos-produit-1"><div class="prix-actuel"><span>3.85€</span></div></div><div class="infos-produit-2"><a title="Voir le produit" href="http://www.refonte.auchandirect.fr/boissons/jus,-softs/pomme,-cassis,-framboise/id1/476/73774"><h3>OASIS</h3><h4>Pomme, cassis, framboise</h4><h4>FORMAT SPECIAL</h4><p>
2 x 2 l
<br/>
0.96€/l
</p></a></div><div class="mini_picto_bas"></div></div></div></td><td><div class="bloc-produit promotion"><div class="bloc-produit-content"><a title="Voir le produit" href="http://www.refonte.auchandirect.fr/lv_eau-minérale-naturelle-bouteille,-6-x-1-5-l/id1/0/LV0000002181"><img src="http://www.refonte.auchandirect.fr/static/images/products/line/LV0000002181.jpg" alt="" class="produit "/></a><div class="picto"><span class="invisible"></span></div><img src="http://www.refonte.auchandirect.fr/static/images/1achete-1offert_small.png" class="ruban"/><div class="boutons-produit"><a id="addProductToBasket_61" onclick="javascript:Tapestry.waitForPage(event);" title="Ajouter au panier" class="bt-produit-ajout-panier" href="http://www.refonte.auchandirect.fr/rayon.productgridorlist.productlist.thumbnailproduct.addproducttobasket/LV0000002181?t:ac=promos">Ajouter au panier</a><a id="addProductToShoppingList_61" onclick="javascript:Tapestry.waitForPage(event);" title="Ajouter à ma liste" class="bt-produit-ajout-liste" href="http://www.refonte.auchandirect.fr/rayon.productgridorlist.productlist.thumbnailproduct.addproducttoshoppinglist/LV0000002181?t:ac=promos">Ajouter à ma liste</a></div><div class="infos-produit-1"><div class="prix-old">6.60€</div><div class="prix-promo">3.30€</div></div><div class="infos-produit-2"><a title="Voir le produit" href="http://www.refonte.auchandirect.fr/lv_eau-minérale-naturelle-bouteille,-6-x-1-5-l/id1/0/LV0000002181"><h3>VOLVIC</h3><h4></h4><h4>Eau minérale naturelle bouteille, 6 x 1.5 l</h4><p>

<br/>
0.18€/l
</p></a></div><div class="mini_picto_bas"></div></div></div></td><td></td></tr></table><div class="pro-ecolo"><h1>Bébé</h1></div><table><tr><td><div class="bloc-produit promotion"><div class="bloc-produit-content"><a title="Voir le produit" href="b%25C3%25A9b%25C3%25A9/couches,-culottes/lv_couche-superdry-drylock-4/9-kg-t3,-x-68/id1/490/LV0000002203.html"><img src="http://www.refonte.auchandirect.fr/static/images/products/line/LV0000002203.jpg" alt="" class="produit "/></a><div class="picto"><span class="invisible"></span></div><img src="http://www.refonte.auchandirect.fr/static/images/le-2eme-a-50pourcent_small.png" class="ruban"/><div class="boutons-produit"><a id="addProductToBasket_62" onclick="javascript:Tapestry.waitForPage(event);" title="Ajouter au panier" class="bt-produit-ajout-panier" href="http://www.refonte.auchandirect.fr/rayon.productgridorlist.productlist.thumbnailproduct.addproducttobasket/LV0000002203?t:ac=promos">Ajouter au panier</a><a id="addProductToShoppingList_62" onclick="javascript:Tapestry.waitForPage(event);" title="Ajouter à ma liste" class="bt-produit-ajout-liste" href="http://www.refonte.auchandirect.fr/rayon.productgridorlist.productlist.thumbnailproduct.addproducttoshoppinglist/LV0000002203?t:ac=promos">Ajouter à ma liste</a></div><div class="infos-produit-1"><div class="prix-old">38.94€</div><div class="prix-promo">29.21€</div></div><div class="infos-produit-2"><a title="Voir le produit" href="b%25C3%25A9b%25C3%25A9/couches,-culottes/lv_couche-superdry-drylock-4/9-kg-t3,-x-68/id1/490/LV0000002203.html"><h3>HUGGIES</h3><h4></h4><h4>Couche superdry drylock 4/9 kg T3, x 68</h4><p>

<br/>
21.48€/pièce
</p></a></div><div class="mini_picto_bas"></div></div></div></td><td><div class="bloc-produit promotion"><div class="bloc-produit-content"><a title="Voir le produit" href="b%25C3%25A9b%25C3%25A9/toilette-et-soin/lingettes-pure-x-64/id1/489/74961.html"><img src="http://www.refonte.auchandirect.fr/static/images/products/line/74961.jpg" alt="" class="produit "/></a><div class="picto"><span class="invisible"></span></div><img src="http://www.refonte.auchandirect.fr/static/images/promo_small.png" class="ruban"/><div class="boutons-produit"><a id="addProductToBasket_63" onclick="javascript:Tapestry.waitForPage(event);" title="Ajouter au panier" class="bt-produit-ajout-panier" href="http://www.refonte.auchandirect.fr/rayon.productgridorlist.productlist.thumbnailproduct.addproducttobasket/74961?t:ac=promos">Ajouter au panier</a><a id="addProductToShoppingList_63" onclick="javascript:Tapestry.waitForPage(event);" title="Ajouter à ma liste" class="bt-produit-ajout-liste" href="http://www.refonte.auchandirect.fr/rayon.productgridorlist.productlist.thumbnailproduct.addproducttoshoppinglist/74961?t:ac=promos">Ajouter à ma liste</a></div><div class="infos-produit-1"><div class="prix-actuel"><span>5.14€</span></div></div><div class="infos-produit-2"><a title="Voir le produit" href="b%25C3%25A9b%25C3%25A9/toilette-et-soin/lingettes-pure-x-64/id1/489/74961.html"><h3>HUGGIES</h3><h4>Lingettes pure x 64</h4><h4>DUOPACK</h4><p>
2 pièces
<br/>
2.57€/pièce
</p></a></div><div class="mini_picto_bas"></div></div></div></td><td><div class="bloc-produit promotion"><div class="bloc-produit-content"><a title="Voir le produit" href="b%25C3%25A9b%25C3%25A9/toilette-et-soin/lingettes-soft-skin-x-64/id1/489/74429.html"><img src="http://www.refonte.auchandirect.fr/static/images/products/line/74429.jpg" alt="" class="produit "/></a><div class="picto"><span class="invisible"></span></div><img src="http://www.refonte.auchandirect.fr/static/images/promo_small.png" class="ruban"/><div class="boutons-produit"><a id="addProductToBasket_64" onclick="javascript:Tapestry.waitForPage(event);" title="Ajouter au panier" class="bt-produit-ajout-panier" href="http://www.refonte.auchandirect.fr/rayon.productgridorlist.productlist.thumbnailproduct.addproducttobasket/74429?t:ac=promos">Ajouter au panier</a><a id="addProductToShoppingList_64" onclick="javascript:Tapestry.waitForPage(event);" title="Ajouter à ma liste" class="bt-produit-ajout-liste" href="http://www.refonte.auchandirect.fr/rayon.productgridorlist.productlist.thumbnailproduct.addproducttoshoppinglist/74429?t:ac=promos">Ajouter à ma liste</a></div><div class="infos-produit-1"><div class="prix-actuel"><span>4.61€</span></div></div><div class="infos-produit-2"><a title="Voir le produit" href="b%25C3%25A9b%25C3%25A9/toilette-et-soin/lingettes-soft-skin-x-64/id1/489/74429.html"><h3>HUGGIES</h3><h4>Lingettes soft skin x 64</h4><h4>DUOPACK</h4><p>
2 pièces
<br/>
2.31€/pièce
</p></a></div><div class="mini_picto_bas"></div></div></div></td></tr><tr><td></td><td></td><td></td></tr></table><div class="pro-ecolo"><h1>Hygiène Beauté</h1></div><table><tr><td><div class="bloc-produit promotion"><div class="bloc-produit-content"><a title="Voir le produit" href="hygi%25C3%25A8ne-beaut%25C3%25A9/hommes/original-d%25C3%25A9odorant-x-2/id1/433468/72285.html"><img src="http://www.refonte.auchandirect.fr/static/images/products/line/72285.jpg" alt="" class="produit "/></a><div class="picto"><span class="invisible"></span></div><img src="http://www.refonte.auchandirect.fr/static/images/promo_small.png" class="ruban"/><div class="boutons-produit"><a id="addProductToBasket_65" onclick="javascript:Tapestry.waitForPage(event);" title="Ajouter au panier" class="bt-produit-ajout-panier" href="http://www.refonte.auchandirect.fr/rayon.productgridorlist.productlist.thumbnailproduct.addproducttobasket/72285?t:ac=promos">Ajouter au panier</a><a id="addProductToShoppingList_65" onclick="javascript:Tapestry.waitForPage(event);" title="Ajouter à ma liste" class="bt-produit-ajout-liste" href="http://www.refonte.auchandirect.fr/rayon.productgridorlist.productlist.thumbnailproduct.addproducttoshoppinglist/72285?t:ac=promos">Ajouter à ma liste</a></div><div class="infos-produit-1"><div class="prix-actuel"><span>6.30€</span></div></div><div class="infos-produit-2"><a title="Voir le produit" href="hygi%25C3%25A8ne-beaut%25C3%25A9/hommes/original-d%25C3%25A9odorant-x-2/id1/433468/72285.html"><h3>BRUT</h3><h4>Original déodorant x 2</h4><h4>Original</h4><p>
200 ml
<br/>
31.50€/l
</p></a></div><div class="mini_picto_bas"></div></div></div></td><td><div class="bloc-produit promotion"><div class="bloc-produit-content"><a title="Voir le produit" href="hygi%25C3%25A8ne-beaut%25C3%25A9/cheveux/shampooing-provence/id1/491/98785.html"><img src="http://www.refonte.auchandirect.fr/static/images/products/line/98785.jpg" alt="" class="produit "/></a><div class="picto"><span class="invisible"></span></div><img src="http://www.refonte.auchandirect.fr/static/images/promo_small.png" class="ruban"/><div class="boutons-produit"><a id="addProductToBasket_66" onclick="javascript:Tapestry.waitForPage(event);" title="Ajouter au panier" class="bt-produit-ajout-panier" href="http://www.refonte.auchandirect.fr/rayon.productgridorlist.productlist.thumbnailproduct.addproducttobasket/98785?t:ac=promos">Ajouter au panier</a><a id="addProductToShoppingList_66" onclick="javascript:Tapestry.waitForPage(event);" title="Ajouter à ma liste" class="bt-produit-ajout-liste" href="http://www.refonte.auchandirect.fr/rayon.productgridorlist.productlist.thumbnailproduct.addproducttoshoppinglist/98785?t:ac=promos">Ajouter à ma liste</a></div><div class="infos-produit-1"><div class="prix-actuel"><span>6.05€</span></div></div><div class="infos-produit-2"><a title="Voir le produit" href="hygi%25C3%25A8ne-beaut%25C3%25A9/cheveux/shampooing-provence/id1/491/98785.html"><h3>DOP</h3><h4>Shampooing provence</h4><h4>Citron vert</h4><p>
2 x 250 ml
<br/>
12.10€/pièce
</p></a></div><div class="mini_picto_bas"></div></div></div></td><td></td></tr></table><div class="pro-ecolo"><h1>Entretien</h1></div><table><tr><td><div class="bloc-produit promotion"><div class="bloc-produit-content"><a title="Voir le produit" href="entretien/soin-du-linge/lessive-liquide-savon-de-marseille/id1/500/74360.html"><img src="http://www.refonte.auchandirect.fr/static/images/products/line/74360.jpg" alt="" class="produit "/></a><div class="picto"><span class="invisible"></span></div><img src="http://www.refonte.auchandirect.fr/static/images/promo_small.png" class="ruban"/><div class="boutons-produit"><a id="addProductToBasket_67" onclick="javascript:Tapestry.waitForPage(event);" title="Ajouter au panier" class="bt-produit-ajout-panier" href="http://www.refonte.auchandirect.fr/rayon.productgridorlist.productlist.thumbnailproduct.addproducttobasket/74360?t:ac=promos">Ajouter au panier</a><a id="addProductToShoppingList_67" onclick="javascript:Tapestry.waitForPage(event);" title="Ajouter à ma liste" class="bt-produit-ajout-liste" href="http://www.refonte.auchandirect.fr/rayon.productgridorlist.productlist.thumbnailproduct.addproducttoshoppinglist/74360?t:ac=promos">Ajouter à ma liste</a></div><div class="infos-produit-1"><div class="prix-actuel"><span>13.95€</span></div></div><div class="infos-produit-2"><a title="Voir le produit" href="entretien/soin-du-linge/lessive-liquide-savon-de-marseille/id1/500/74360.html"><h3>CHANTECLAIR</h3><h4>Lessive liquide savon de marseille</h4><h4></h4><p>
2 x 2, 1 l
<br/>
3.49€/l
</p></a></div><div class="mini_picto_bas"></div></div></div></td><td><div class="bloc-produit promotion"><div class="bloc-produit-content"><a title="Voir le produit" href="lv_concentr%25C3%25A9-envol%25C3%25A9e-d'air-frais,-750-ml/id1/0/LV0000002151.html"><img src="http://www.refonte.auchandirect.fr/static/images/products/line/LV0000002151.jpg" alt="" class="produit "/></a><div class="picto"><span class="invisible"></span></div><img src="http://www.refonte.auchandirect.fr/static/images/1achete-1offert_small.png" class="ruban"/><div class="boutons-produit"><a id="addProductToBasket_68" onclick="javascript:Tapestry.waitForPage(event);" title="Ajouter au panier" class="bt-produit-ajout-panier" href="http://www.refonte.auchandirect.fr/rayon.productgridorlist.productlist.thumbnailproduct.addproducttobasket/LV0000002151?t:ac=promos">Ajouter au panier</a><a id="addProductToShoppingList_68" onclick="javascript:Tapestry.waitForPage(event);" title="Ajouter à ma liste" class="bt-produit-ajout-liste" href="http://www.refonte.auchandirect.fr/rayon.productgridorlist.productlist.thumbnailproduct.addproducttoshoppinglist/LV0000002151?t:ac=promos">Ajouter à ma liste</a></div><div class="infos-produit-1"><div class="prix-old">6.76€</div><div class="prix-promo">3.38€</div></div><div class="infos-produit-2"><a title="Voir le produit" href="lv_concentr%25C3%25A9-envol%25C3%25A9e-d'air-frais,-750-ml/id1/0/LV0000002151.html"><h3>Concentré envolée d'air frais, 750 ml</h3><h4></h4><h4>Concentré envolée d'air frais, 750 ml</h4><p>

<br/>
2.25€/l
</p></a></div><div class="mini_picto_bas"></div></div></div></td><td><div class="bloc-produit promotion"><div class="bloc-produit-content"><a title="Voir le produit" href="lv_concentr%25C3%25A9-coup-de-foudre,-750-ml/id1/0/LV0000002150.html"><img src="http://www.refonte.auchandirect.fr/static/images/products/line/LV0000002150.jpg" alt="" class="produit "/></a><div class="picto"><span class="invisible"></span></div><img src="http://www.refonte.auchandirect.fr/static/images/1achete-1offert_small.png" class="ruban"/><div class="boutons-produit"><a id="addProductToBasket_69" onclick="javascript:Tapestry.waitForPage(event);" title="Ajouter au panier" class="bt-produit-ajout-panier" href="http://www.refonte.auchandirect.fr/rayon.productgridorlist.productlist.thumbnailproduct.addproducttobasket/LV0000002150?t:ac=promos">Ajouter au panier</a><a id="addProductToShoppingList_69" onclick="javascript:Tapestry.waitForPage(event);" title="Ajouter à ma liste" class="bt-produit-ajout-liste" href="http://www.refonte.auchandirect.fr/rayon.productgridorlist.productlist.thumbnailproduct.addproducttoshoppinglist/LV0000002150?t:ac=promos">Ajouter à ma liste</a></div><div class="infos-produit-1"><div class="prix-old">6.76€</div><div class="prix-promo">3.38€</div></div><div class="infos-produit-2"><a title="Voir le produit" href="lv_concentr%25C3%25A9-coup-de-foudre,-750-ml/id1/0/LV0000002150.html"><h3>LENOR</h3><h4></h4><h4>Concentré coup de foudre, 750 ml</h4><p>

<br/>
2.25€/l
</p></a></div><div class="mini_picto_bas"></div></div></div></td></tr><tr><td><div class="bloc-produit promotion"><div class="bloc-produit-content"><a title="Voir le produit" href="lv_mouchoirs-compacts,-x-66/id1/0/LV0000002198.html"><img src="http://www.refonte.auchandirect.fr/static/images/products/line/LV0000002198.jpg" alt="" class="produit "/></a><div class="picto"><span class="invisible"></span></div><img src="http://www.refonte.auchandirect.fr/static/images/le-2eme-a-50pourcent_small.png" class="ruban"/><div class="boutons-produit"><a id="addProductToBasket_70" onclick="javascript:Tapestry.waitForPage(event);" title="Ajouter au panier" class="bt-produit-ajout-panier" href="http://www.refonte.auchandirect.fr/rayon.productgridorlist.productlist.thumbnailproduct.addproducttobasket/LV0000002198?t:ac=promos">Ajouter au panier</a><a id="addProductToShoppingList_70" onclick="javascript:Tapestry.waitForPage(event);" title="Ajouter à ma liste" class="bt-produit-ajout-liste" href="http://www.refonte.auchandirect.fr/rayon.productgridorlist.productlist.thumbnailproduct.addproducttoshoppinglist/LV0000002198?t:ac=promos">Ajouter à ma liste</a></div><div class="infos-produit-1"><div class="prix-old">2.28€</div><div class="prix-promo">1.71€</div></div><div class="infos-produit-2"><a title="Voir le produit" href="lv_mouchoirs-compacts,-x-66/id1/0/LV0000002198.html"><h3>LOTUS</h3><h4></h4><h4>Mouchoirs compacts, x 66</h4><p>

<br/>
0.86€/pièce
</p></a></div><div class="mini_picto_bas"></div></div></div></td><td><div class="bloc-produit promotion"><div class="bloc-produit-content"><a title="Voir le produit" href="entretien/papiers/lv_lotus-moltonel-papier-toilette-aquatube-rouleaux,-x9/id1/499/LV0000000401.html"><img src="http://www.refonte.auchandirect.fr/static/images/products/line/LV0000000401.jpg" alt="" class="produit "/></a><div class="picto"><span class="invisible"></span></div><img src="http://www.refonte.auchandirect.fr/static/images/le-2eme-a-50pourcent_small.png" class="ruban"/><div class="boutons-produit"><a id="addProductToBasket_71" onclick="javascript:Tapestry.waitForPage(event);" title="Ajouter au panier" class="bt-produit-ajout-panier" href="http://www.refonte.auchandirect.fr/rayon.productgridorlist.productlist.thumbnailproduct.addproducttobasket/LV0000000401?t:ac=promos">Ajouter au panier</a><a id="addProductToShoppingList_71" onclick="javascript:Tapestry.waitForPage(event);" title="Ajouter à ma liste" class="bt-produit-ajout-liste" href="http://www.refonte.auchandirect.fr/rayon.productgridorlist.productlist.thumbnailproduct.addproducttoshoppinglist/LV0000000401?t:ac=promos">Ajouter à ma liste</a></div><div class="infos-produit-1"><div class="prix-old">8.18€</div><div class="prix-promo">6.14€</div></div><div class="infos-produit-2"><a title="Voir le produit" href="entretien/papiers/lv_lotus-moltonel-papier-toilette-aquatube-rouleaux,-x9/id1/499/LV0000000401.html"><h3>LOTUS</h3><h4></h4><h4>Papier toilette Aquatube x9</h4><p>

<br/>
0.34€/pièce
</p></a></div><div class="mini_picto_bas"></div></div></div></td><td><div class="bloc-produit promotion"><div class="bloc-produit-content"><a title="Voir le produit" href="lv_total-2-en-1-lessive-avec-minidou,-2,52-l/id1/0/LV0000002200.html"><img src="http://www.refonte.auchandirect.fr/static/images/products/line/LV0000002200.jpg" alt="" class="produit "/></a><div class="picto"><span class="invisible"></span></div><img src="http://www.refonte.auchandirect.fr/static/images/le-2eme-a-50pourcent_small.png" class="ruban"/><div class="boutons-produit"><a id="addProductToBasket_72" onclick="javascript:Tapestry.waitForPage(event);" title="Ajouter au panier" class="bt-produit-ajout-panier" href="http://www.refonte.auchandirect.fr/rayon.productgridorlist.productlist.thumbnailproduct.addproducttobasket/LV0000002200?t:ac=promos">Ajouter au panier</a><a id="addProductToShoppingList_72" onclick="javascript:Tapestry.waitForPage(event);" title="Ajouter à ma liste" class="bt-produit-ajout-liste" href="http://www.refonte.auchandirect.fr/rayon.productgridorlist.productlist.thumbnailproduct.addproducttoshoppinglist/LV0000002200?t:ac=promos">Ajouter à ma liste</a></div><div class="infos-produit-1"><div class="prix-old">15.80€</div><div class="prix-promo">11.85€</div></div><div class="infos-produit-2"><a title="Voir le produit" href="lv_total-2-en-1-lessive-avec-minidou,-2,52-l/id1/0/LV0000002200.html"><h3>X TRA</h3><h4></h4><h4>Total 2 en 1 Lessive avec Minidou, 2,52 l</h4><p>

<br/>
2.35€/l
</p></a></div><div class="mini_picto_bas"></div></div></div></td></tr><tr><td><div class="bloc-produit promotion"><div class="bloc-produit-content"><a title="Voir le produit" href="lv_total-lessive-savon-de-marseille,-3-l/id1/0/LV0000002178.html"><img src="http://www.refonte.auchandirect.fr/static/images/products/line/LV0000002178.jpg" alt="" class="produit "/></a><div class="picto"><span class="invisible"></span></div><img src="http://www.refonte.auchandirect.fr/static/images/le-2eme-a-50pourcent_small.png" class="ruban"/><div class="boutons-produit"><a id="addProductToBasket_73" onclick="javascript:Tapestry.waitForPage(event);" title="Ajouter au panier" class="bt-produit-ajout-panier" href="http://www.refonte.auchandirect.fr/rayon.productgridorlist.productlist.thumbnailproduct.addproducttobasket/LV0000002178?t:ac=promos">Ajouter au panier</a><a id="addProductToShoppingList_73" onclick="javascript:Tapestry.waitForPage(event);" title="Ajouter à ma liste" class="bt-produit-ajout-liste" href="http://www.refonte.auchandirect.fr/rayon.productgridorlist.productlist.thumbnailproduct.addproducttoshoppinglist/LV0000002178?t:ac=promos">Ajouter à ma liste</a></div><div class="infos-produit-1"><div class="prix-old">16.48€</div><div class="prix-promo">12.36€</div></div><div class="infos-produit-2"><a title="Voir le produit" href="lv_total-lessive-savon-de-marseille,-3-l/id1/0/LV0000002178.html"><h3>X. TRA</h3><h4></h4><h4>Total lessive savon de Marseille, 3 l</h4><p>

<br/>
2.06€/l
</p></a></div><div class="mini_picto_bas"></div></div></div></td><td></td><td></td></tr></table><div class="pro-ecolo"><h1>Animaux Maison</h1></div><table><tr><td><div class="bloc-produit promotion"><div class="bloc-produit-content"><a title="Voir le produit" href="animaux-maison/animaux/lv_tradition-gourmande,-4-x300g/id1/501/LV0000000758.html"><img src="http://www.refonte.auchandirect.fr/static/images/products/line/LV0000000758.jpg" alt="" class="produit "/></a><div class="picto"><span class="invisible"></span></div><img src="http://www.refonte.auchandirect.fr/static/images/le-2eme-a-50pourcent_small.png" class="ruban"/><div class="boutons-produit"><a id="addProductToBasket_74" onclick="javascript:Tapestry.waitForPage(event);" title="Ajouter au panier" class="bt-produit-ajout-panier" href="http://www.refonte.auchandirect.fr/rayon.productgridorlist.productlist.thumbnailproduct.addproducttobasket/LV0000000758?t:ac=promos">Ajouter au panier</a><a id="addProductToShoppingList_74" onclick="javascript:Tapestry.waitForPage(event);" title="Ajouter à ma liste" class="bt-produit-ajout-liste" href="http://www.refonte.auchandirect.fr/rayon.productgridorlist.productlist.thumbnailproduct.addproducttoshoppinglist/LV0000000758?t:ac=promos">Ajouter à ma liste</a></div><div class="infos-produit-1"><div class="prix-old">13.98€</div><div class="prix-promo">10.49€</div></div><div class="infos-produit-2"><a title="Voir le produit" href="animaux-maison/animaux/lv_tradition-gourmande,-4-x300g/id1/501/LV0000000758.html"><h3>CESAR</h3><h4></h4><h4>Tradition Gourmande, 4 x300g</h4><p>

<br/>
4.37€/kg
</p></a></div><div class="mini_picto_bas"></div></div></div></td><td></td><td></td></tr></table><div class="pro-ecolo"><h1>Autres</h1></div><table><tr><td><div class="bloc-produit promotion"><div class="bloc-produit-content"><a title="Voir le produit" href="la-croix-d'austeran-vin-blanc-aop-2011/id1/0/102900.html"><img src="http://www.refonte.auchandirect.fr/static/images/products/line/102900.jpg" alt="" class="produit "/></a><div class="picto"><span class="invisible"></span></div><img src="http://www.refonte.auchandirect.fr/static/images/promo_small.png" class="ruban"/><div class="boutons-produit"><a id="addProductToBasket_75" onclick="javascript:Tapestry.waitForPage(event);" title="Ajouter au panier" class="bt-produit-ajout-panier" href="http://www.refonte.auchandirect.fr/rayon.productgridorlist.productlist.thumbnailproduct.addproducttobasket/102900?t:ac=promos">Ajouter au panier</a><a id="addProductToShoppingList_75" onclick="javascript:Tapestry.waitForPage(event);" title="Ajouter à ma liste" class="bt-produit-ajout-liste" href="http://www.refonte.auchandirect.fr/rayon.productgridorlist.productlist.thumbnailproduct.addproducttoshoppinglist/102900?t:ac=promos">Ajouter à ma liste</a></div><div class="infos-produit-1"><div class="prix-actuel"><span>3.50€</span></div></div><div class="infos-produit-2"><a title="Voir le produit" href="la-croix-d'austeran-vin-blanc-aop-2011/id1/0/102900.html"><h3>BORDEAUX</h3><h4>La croix d'Austeran vin blanc AOP 2011</h4><h4>Blanc</h4><p>
75 cl
<br/>
46.67€/l
</p></a></div><div class="mini_picto_bas"></div></div></div></td><td><div class="bloc-produit promotion"><div class="bloc-produit-content"><a title="Voir le produit" href="chocolat-au-lait-et-riz-souffl%25C3%25A9/id1/0/96711.html"><img src="http://www.refonte.auchandirect.fr/static/images/products/line/96711.jpg" alt="" class="produit "/></a><div class="picto"><span class="invisible"></span></div><img src="http://www.refonte.auchandirect.fr/static/images/promo_small.png" class="ruban"/><div class="boutons-produit"><a id="addProductToBasket_76" onclick="javascript:Tapestry.waitForPage(event);" title="Ajouter au panier" class="bt-produit-ajout-panier" href="http://www.refonte.auchandirect.fr/rayon.productgridorlist.productlist.thumbnailproduct.addproducttobasket/96711?t:ac=promos">Ajouter au panier</a><a id="addProductToShoppingList_76" onclick="javascript:Tapestry.waitForPage(event);" title="Ajouter à ma liste" class="bt-produit-ajout-liste" href="http://www.refonte.auchandirect.fr/rayon.productgridorlist.productlist.thumbnailproduct.addproducttoshoppinglist/96711?t:ac=promos">Ajouter à ma liste</a></div><div class="infos-produit-1"><div class="prix-actuel"><span>2.24€</span></div></div><div class="infos-produit-2"><a title="Voir le produit" href="chocolat-au-lait-et-riz-souffl%25C3%25A9/id1/0/96711.html"><h3>ETHIQUABLE</h3><h4>Chocolat au lait et riz soufflé</h4><h4></h4><p>
100g
<br/>
22.40€/kg
</p></a></div><div class="mini_picto_bas"></div></div></div></td><td><div class="bloc-produit promotion"><div class="bloc-produit-content"><a title="Voir le produit" href="lv_filets-maquereaux-sauce-tomate-et-basilic,-169-g/id1/0/LV0000002012.html"><img src="http://www.refonte.auchandirect.fr/static/images/products/line/LV0000002012.jpg" alt="" class="produit "/></a><div class="picto"><span class="invisible"></span></div><img src="http://www.refonte.auchandirect.fr/static/images/prix-choc_small.png" class="ruban"/><div class="boutons-produit"><a id="addProductToBasket_77" onclick="javascript:Tapestry.waitForPage(event);" title="Ajouter au panier" class="bt-produit-ajout-panier" href="http://www.refonte.auchandirect.fr/rayon.productgridorlist.productlist.thumbnailproduct.addproducttobasket/LV0000002012?t:ac=promos">Ajouter au panier</a><a id="addProductToShoppingList_77" onclick="javascript:Tapestry.waitForPage(event);" title="Ajouter à ma liste" class="bt-produit-ajout-liste" href="http://www.refonte.auchandirect.fr/rayon.productgridorlist.productlist.thumbnailproduct.addproducttoshoppinglist/LV0000002012?t:ac=promos">Ajouter à ma liste</a></div><div class="infos-produit-1"><div class="prix-old">5.10€</div><div class="prix-promo">4.25€</div></div><div class="infos-produit-2"><a title="Voir le produit" href="lv_filets-maquereaux-sauce-tomate-et-basilic,-169-g/id1/0/LV0000002012.html"><h3>SAUPIQUET</h3><h4></h4><h4>Filets Maquereaux Sauce Tomate et Basilic, 169 g</h4><p>

<br/>
7.08€/kg
</p></a></div><div class="mini_picto_bas"></div></div></div></td></tr><tr><td></td><td></td><td></td></tr></table></div></div></div><!-- t:zone t:id="productListZone" t:update="show">
							<t:if test="specificCategory">
								<div id="${productListDivId}" class="liste clear-container">
									<bean t:type="products/lists/productList" categoryId="categoryId" products="products" listType="displayType" specifCategory="true" />
								</div>
							<p:else>
								<div id="${productListDivId}" class="liste clear-container">
									<bean t:type="products/lists/productList" categoryId="categoryId" products="products" listType="displayType" />
								</div>
							</p:else>
							</t:if>
						</t:zone --><!-- Bannière bas --><div class="zone-admin diff-zone"></div><!--  --><div class="clear-container" id="liste-produits-infos"><p>
Si vous avez des suggestions de produits,
<a id="suggestionPopup" onclick="javascript:Tapestry.waitForPage(event);" class="orange-link" shape="rect" href="rayon.suggestionpopup%3Ft:ac=promos.html">dites-le nous !</a><span class="backtotop"><a shape="rect" href="rayon.customerinfos.minibasket.validatebasket%3Ft:ac=promos.html#top">Retour en haut de page</a></span></p></div></div><div style="position: relative" class="right-content"><div style="position: relative" id="wrapper_for_fixed_content"><!-- <div id="wrapper_for_fixed_content" xmlns:t="http://tapestry.apache.org/schema/tapestry_5_1_0.xsd" xmlns:p="tapestry:parameter"> --><div id="tout-en-un-client"><div class="item first" id="tout-en-un-compte"><h3>Mon Compte</h3><p><a id="eventlink" onclick="javascript:Tapestry.waitForPage(event);" href="rayon.customerinfos:showsigninpopup%3Ft:ac=promos.html">Identifiez-vous</a><a> - </a><a id="registerPopup" onclick="javascript:Tapestry.waitForPage(event);" href="rayon.customerinfos.registerpopup%3Ft:ac=promos.html">Inscrivez-vous</a></p></div><div class="item" id="tout-en-un-commandes"><h3>Mes commandes</h3><p><a id="popupAuth" onclick="javascript:Tapestry.waitForPage(event);" href="rayon.customerinfos.popupauth%3Ft:ac=promos.html">Consultez vos commandes en cours et passées</a></p></div><div class="item" id="tout-en-un-livraison"><h3>
Ma livraison
</h3><p class="t-zone" id="slotInfoZone"><a id="showSlotTab" onclick="javascript:Tapestry.waitForPage(event);" href="rayon.customerinfos.slotinfo.showslottab%3Ft:ac=promos.html"><span class="item-texte">
Prochaine livraison possible
</span><span class="item-date">mardi 15/01 entre 08h00 et 10h00</span></a></p></div><div class="t-zone" id="accountSummaryTabContentZone"><div id="onglets"><ul class="menu menu-horizontal tabs float-container"><li><a id="basket" onclick="javascript:Tapestry.waitForPage(event);" title="Mon panier" class="onglet-panier current" href="rayon.customerinfos.basket%3Ft:ac=promos.html"><span class="invisible">Mon panier</span></a></li><li><a id="lists" onclick="javascript:Tapestry.waitForPage(event);" title="Mes listes" class="onglet-listes " href="rayon.customerinfos.lists%3Ft:ac=promos.html"><span class="invisible">Mes listes</span></a></li><li><a id="topBasket" onclick="javascript:Tapestry.waitForPage(event);" title="Lancer mon top panier" class="onglet-top-panier " href="rayon.customerinfos.topbasket%3Ft:ac=promos.html"><span class="invisible">[[missing key: customerInfos.top]]</span></a></li></ul><div class="panes"><div class="item" id="panel-panier"><div class="t-zone" id="completeMiniBasketZone"><div class="t-zone" id="miniBasket"><p>Votre panier est vide</p><ul class="menu menu-horizontal"><li><a title="Voir le détails de votre panier" class="panier-bt-voir" href="monpanier.html"></a></li></ul></div><div class="bouton-right-container"><div class="container-bouton-type1"><a id="validateBasket" onclick="javascript:Tapestry.waitForPage(event);" class="bouton-type1" href="rayon.customerinfos.minibasket.validatebasket%3Ft:ac=promos.html">
Valider mon panier
</a></div></div><div class="clear"></div></div></div></div></div></div></div><!-- </div> --><!-- <bean t:type="misc/commitment/expandedCommitment" /> --></div></div></div></div><!-- div class="float-container" id="footer-menu-annexe" xmlns:t="http://tapestry.apache.org/schema/tapestry_5_1_0.xsd">
	<ul class="menu menu-horizontal">
		<li>
			<t:pagelink t:page="apropos/engagement">
				<t:outputraw value="message:link.engagement.lbl" />
			</t:pagelink>
		</li>
		<li>
			<t:pagelink t:page="apropos/contact">
				<t:outputraw value="message:link.contact.lbl" />
			</t:pagelink>
		</li>
		<li>
			<t:pagelink t:page="apropos/faq">
				<t:outputraw value="message:link.faq.lbl" />
			</t:pagelink>
		</li>
		<li>
			<t:pagelink t:page="apropos/cgv">
				<t:outputraw value="message:link.cgv.lbl" />
			</t:pagelink>
		</li>
		<li>
			<t:pagelink t:page="apropos/operations">
				<t:outputraw value="message:link.operations.lbl" />
			</t:pagelink>
		</li>
		<li>
			<t:pagelink t:page="apropos/legal">
				<t:outputraw value="message:link.legal.lbl" />
			</t:pagelink>
		</li>
	</ul>
</div --><div id="footer-menu-annexe" class="float-container">
<ul class="menu menu-horizontal">
	<li><a href="http://www.refonte.auchandirect.fr/apropos/engagement">Engagements</a></li>
	<li><a href="http://www.refonte.auchandirect.fr/apropos/contact">Contactez-nous</a></li>
	<li><a href="http://www.refonte.auchandirect.fr/apropos/faq">FAQ</a></li>
	<li><a href="http://www.refonte.auchandirect.fr/apropos/cgv">Conditions g&eacute;n&eacute;rales de vente</a></li>
	<li><a href="http://www.refonte.auchandirect.fr/apropos/operations">Op&eacute;rations commerciales</a></li>
	<li><a href="http://www.refonte.auchandirect.fr/apropos/legal">Mentions l&eacute;gales</a></li>
	<li><a href="actus.html">Actualit&eacute;s</a> </li>
</ul>
</div>
<!-- div class="float-container" id="footer-infos" xmlns:t="http://tapestry.apache.org/schema/tapestry_5_1_0.xsd">
	<div id="info-facebook">
		<a href="http://www.facebook.com/Auchandirect.fr" target="_blank">
			<img width="26" height="26" alt="${message:facebook.img.alt}" src="/static/images/icone-facebook.png" />
		</a>
		<a href="http://www.facebook.com/Auchandirect.fr" target="_blank">	
			<span><t:outputraw value="message:facebook.fan.lbl" /></span>
		</a>
	</div>
	<div id="infos-contact">
		<div id="infos-contact-titre">
			<t:outputraw value="message:info.contact.lbl" />
		</div>
		<div id="infos-contact-tel">
			<t:outputraw value="message:info.phone.lbl" />
		</div>
		<div id="infos-contact-mail">
			<t:outputraw value="message:info.mail.lbl" />
		</div>
		<div id="eco-responsable">
			<img src="/static/images/picto-carton.png" width="142" height="126" alt="${message:eco.resp.alt}" />
		</div>
	</div>
</div --><div id="footer-infos" class="float-container">
<div id="info-facebook">
<a href="http://www.facebook.com/Auchandirect.fr" target="_blank"><img src="http://www.refonte.auchandirect.fr/static/images/icone-facebook.png" alt="auchandirect sur facebook" width="26" height="26" /></a><a href="http://www.facebook.com/Auchandirect.fr" target="_blank"><span>Devenez fan !</span></a>
</div>
<div id="infos-contact">
<div id="infos-contact-titre">
Contactez votre service client :
</div>
<div id="infos-contact-tel">
<strong>Par t&eacute;l&eacute;phone : 01 56 30 91 00 </strong>Du lundi au vendredi de 8H &agrave; 22H et le samedi de 9H &agrave; 18H (Appel non surtax&eacute;)
</div>
<div id="infos-contact-mail">
<strong>Par email : <a href="mailto:client@auchandirect.fr">client@auchandirect.fr</a></strong>
</div>
<div id="eco-responsable">
<img src="http://www.refonte.auchandirect.fr/static/images/picto-carton.png" alt="eco-responsable" width="142" height="126" />
</div>
</div>
</div>
</div><div class="t-zone" id="popupZone"></div><div class="t-zone" id="secondPopupZone"></div><div class="t-zone" id="closePopupZone"></div><a style="display:none;" id="showPopupLink" href="rayon.customerinfos.minibasket.validatebasket%3Ft:ac=promos.html#popupContent" class="fancylink"></a><div style="display:none"><div class="t-zone" id="forceAjax"></div></div><script type="text/javascript">
var gaJsHost = (("https:" == document.location.protocol) ? "https://ssl." : "http://www.");
document.write(unescape("%3Cscript src='" + gaJsHost + "google-analytics.com/ga.js' type='text/javascript'%3E%3C/script%3E"));
</script><script type="text/javascript">
var pageTracker = _gat._getTracker("UA-3062526-1");
pageTracker._initData();
pageTracker._trackPageview();
pageTracker._trackPageLoadTime();
</script><script type="text/javascript">Tapestry.onDOMLoaded(function() {
Tapestry.init({"popup":[[]],"zone":[{"update":"show","element":"headerListZone"},{"update":"show","element":"productDisplayTypeZone"},{"update":"show","element":"labelZone"},{"update":"show","element":"moreProductListZone"},{"update":"show","element":"productListZone"},{"update":"show","element":"slotInfoZone"},{"update":"show","element":"accountSummaryTabContentZone"},{"update":"show","element":"completeMiniBasketZone"},{"update":"show","element":"miniBasket"},{"update":"show","element":"popupZone"},{"update":"show","element":"secondPopupZone"},{"update":"show","element":"closePopupZone"},"forceAjax"],"linkZone":[["newsLetterPopup","forceAjax","/rayon.pagetemplate.header.headertop.newsletterpopup?t:ac=promos"],["sortForm","productListZone","/rayon.productgridorlist.sortform"],["list","productListZone","/rayon.productgridorlist.list?t:ac=promos"],["thumbnail","productListZone","/rayon.productgridorlist.thumbnail?t:ac=promos"],["viewCat","labelZone","/rayon.productgridorlist.viewcat/404?t:ac=promos"],["viewCat_0","labelZone","/rayon.productgridorlist.viewcat/408?t:ac=promos"],["viewCat_1","labelZone","/rayon.productgridorlist.viewcat/407?t:ac=promos"],["viewCat_2","labelZone","/rayon.productgridorlist.viewcat/406?t:ac=promos"],["viewCat_3","labelZone","/rayon.productgridorlist.viewcat/413?t:ac=promos"],["viewCat_4","labelZone","/rayon.productgridorlist.viewcat/409?t:ac=promos"],["viewCat_5","labelZone","/rayon.productgridorlist.viewcat/411?t:ac=promos"],["viewCat_6","labelZone","/rayon.productgridorlist.viewcat/410?t:ac=promos"],["viewCat_7","labelZone","/rayon.productgridorlist.viewcat/412?t:ac=promos"],["viewCat_8","labelZone","/rayon.productgridorlist.viewcat/414?t:ac=promos"],["viewCat_9","labelZone","/rayon.productgridorlist.viewcat/415?t:ac=promos"],["filterAuchan","productListZone","/rayon.productgridorlist.filterauchan?t:ac=promos"],["addProductToBasket","forceAjax","/rayon.productgridorlist.productlist.thumbnailproduct.addproducttobasket/57850?t:ac=promos"],["addProductToShoppingList","forceAjax","/rayon.productgridorlist.productlist.thumbnailproduct.addproducttoshoppinglist/57850?t:ac=promos"],["addProductToBasket_0","forceAjax","/rayon.productgridorlist.productlist.thumbnailproduct.addproducttobasket/54315?t:ac=promos"],["addProductToShoppingList_0","forceAjax","/rayon.productgridorlist.productlist.thumbnailproduct.addproducttoshoppinglist/54315?t:ac=promos"],["addProductToBasket_1","forceAjax","/rayon.productgridorlist.productlist.thumbnailproduct.addproducttobasket/LV0000002043?t:ac=promos"],["addProductToShoppingList_1","forceAjax","/rayon.productgridorlist.productlist.thumbnailproduct.addproducttoshoppinglist/LV0000002043?t:ac=promos"],["addProductToBasket_2","forceAjax","/rayon.productgridorlist.productlist.thumbnailproduct.addproducttobasket/87666?t:ac=promos"],["addProductToShoppingList_2","forceAjax","/rayon.productgridorlist.productlist.thumbnailproduct.addproducttoshoppinglist/87666?t:ac=promos"],["addProductToBasket_3","forceAjax","/rayon.productgridorlist.productlist.thumbnailproduct.addproducttobasket/59228?t:ac=promos"],["addProductToShoppingList_3","forceAjax","/rayon.productgridorlist.productlist.thumbnailproduct.addproducttoshoppinglist/59228?t:ac=promos"],["addProductToBasket_4","forceAjax","/rayon.productgridorlist.productlist.thumbnailproduct.addproducttobasket/LV0000002139?t:ac=promos"],["addProductToShoppingList_4","forceAjax","/rayon.productgridorlist.productlist.thumbnailproduct.addproducttoshoppinglist/LV0000002139?t:ac=promos"],["addProductToBasket_5","forceAjax","/rayon.productgridorlist.productlist.thumbnailproduct.addproducttobasket/106436?t:ac=promos"],["addProductToShoppingList_5","forceAjax","/rayon.productgridorlist.productlist.thumbnailproduct.addproducttoshoppinglist/106436?t:ac=promos"],["addProductToBasket_6","forceAjax","/rayon.productgridorlist.productlist.thumbnailproduct.addproducttobasket/58881?t:ac=promos"],["addProductToShoppingList_6","forceAjax","/rayon.productgridorlist.productlist.thumbnailproduct.addproducttoshoppinglist/58881?t:ac=promos"],["addProductToBasket_7","forceAjax","/rayon.productgridorlist.productlist.thumbnailproduct.addproducttobasket/51631?t:ac=promos"],["addProductToShoppingList_7","forceAjax","/rayon.productgridorlist.productlist.thumbnailproduct.addproducttoshoppinglist/51631?t:ac=promos"],["addProductToBasket_8","forceAjax","/rayon.productgridorlist.productlist.thumbnailproduct.addproducttobasket/19972?t:ac=promos"],["addProductToShoppingList_8","forceAjax","/rayon.productgridorlist.productlist.thumbnailproduct.addproducttoshoppinglist/19972?t:ac=promos"],["addProductToBasket_9","forceAjax","/rayon.productgridorlist.productlist.thumbnailproduct.addproducttobasket/34702?t:ac=promos"],["addProductToShoppingList_9","forceAjax","/rayon.productgridorlist.productlist.thumbnailproduct.addproducttoshoppinglist/34702?t:ac=promos"],["addProductToBasket_10","forceAjax","/rayon.productgridorlist.productlist.thumbnailproduct.addproducttobasket/51722?t:ac=promos"],["addProductToShoppingList_10","forceAjax","/rayon.productgridorlist.productlist.thumbnailproduct.addproducttoshoppinglist/51722?t:ac=promos"],["addProductToBasket_11","forceAjax","/rayon.productgridorlist.productlist.thumbnailproduct.addproducttobasket/58473?t:ac=promos"],["addProductToShoppingList_11","forceAjax","/rayon.productgridorlist.productlist.thumbnailproduct.addproducttoshoppinglist/58473?t:ac=promos"],["addProductToBasket_12","forceAjax","/rayon.productgridorlist.productlist.thumbnailproduct.addproducttobasket/6375?t:ac=promos"],["addProductToShoppingList_12","forceAjax","/rayon.productgridorlist.productlist.thumbnailproduct.addproducttoshoppinglist/6375?t:ac=promos"],["addProductToBasket_13","forceAjax","/rayon.productgridorlist.productlist.thumbnailproduct.addproducttobasket/24630?t:ac=promos"],["addProductToShoppingList_13","forceAjax","/rayon.productgridorlist.productlist.thumbnailproduct.addproducttoshoppinglist/24630?t:ac=promos"],["addProductToBasket_14","forceAjax","/rayon.productgridorlist.productlist.thumbnailproduct.addproducttobasket/45343?t:ac=promos"],["addProductToShoppingList_14","forceAjax","/rayon.productgridorlist.productlist.thumbnailproduct.addproducttoshoppinglist/45343?t:ac=promos"],["addProductToBasket_15","forceAjax","/rayon.productgridorlist.productlist.thumbnailproduct.addproducttobasket/107855?t:ac=promos"],["addProductToShoppingList_15","forceAjax","/rayon.productgridorlist.productlist.thumbnailproduct.addproducttoshoppinglist/107855?t:ac=promos"],["addProductToBasket_16","forceAjax","/rayon.productgridorlist.productlist.thumbnailproduct.addproducttobasket/57564?t:ac=promos"],["addProductToShoppingList_16","forceAjax","/rayon.productgridorlist.productlist.thumbnailproduct.addproducttoshoppinglist/57564?t:ac=promos"],["addProductToBasket_17","forceAjax","/rayon.productgridorlist.productlist.thumbnailproduct.addproducttobasket/60701?t:ac=promos"],["addProductToShoppingList_17","forceAjax","/rayon.productgridorlist.productlist.thumbnailproduct.addproducttoshoppinglist/60701?t:ac=promos"],["addProductToBasket_18","forceAjax","/rayon.productgridorlist.productlist.thumbnailproduct.addproducttobasket/89343?t:ac=promos"],["addProductToShoppingList_18","forceAjax","/rayon.productgridorlist.productlist.thumbnailproduct.addproducttoshoppinglist/89343?t:ac=promos"],["addProductToBasket_19","forceAjax","/rayon.productgridorlist.productlist.thumbnailproduct.addproducttobasket/87489?t:ac=promos"],["addProductToShoppingList_19","forceAjax","/rayon.productgridorlist.productlist.thumbnailproduct.addproducttoshoppinglist/87489?t:ac=promos"],["addProductToBasket_20","forceAjax","/rayon.productgridorlist.productlist.thumbnailproduct.addproducttobasket/55531?t:ac=promos"],["addProductToShoppingList_20","forceAjax","/rayon.productgridorlist.productlist.thumbnailproduct.addproducttoshoppinglist/55531?t:ac=promos"],["addProductToBasket_21","forceAjax","/rayon.productgridorlist.productlist.thumbnailproduct.addproducttobasket/59381?t:ac=promos"],["addProductToShoppingList_21","forceAjax","/rayon.productgridorlist.productlist.thumbnailproduct.addproducttoshoppinglist/59381?t:ac=promos"],["addProductToBasket_22","forceAjax","/rayon.productgridorlist.productlist.thumbnailproduct.addproducttobasket/59179?t:ac=promos"],["addProductToShoppingList_22","forceAjax","/rayon.productgridorlist.productlist.thumbnailproduct.addproducttoshoppinglist/59179?t:ac=promos"],["addProductToBasket_23","forceAjax","/rayon.productgridorlist.productlist.thumbnailproduct.addproducttobasket/34982?t:ac=promos"],["addProductToShoppingList_23","forceAjax","/rayon.productgridorlist.productlist.thumbnailproduct.addproducttoshoppinglist/34982?t:ac=promos"],["addProductToBasket_24","forceAjax","/rayon.productgridorlist.productlist.thumbnailproduct.addproducttobasket/LV0000001921?t:ac=promos"],["addProductToShoppingList_24","forceAjax","/rayon.productgridorlist.productlist.thumbnailproduct.addproducttoshoppinglist/LV0000001921?t:ac=promos"],["addProductToBasket_25","forceAjax","/rayon.productgridorlist.productlist.thumbnailproduct.addproducttobasket/LV0000001922?t:ac=promos"],["addProductToShoppingList_25","forceAjax","/rayon.productgridorlist.productlist.thumbnailproduct.addproducttoshoppinglist/LV0000001922?t:ac=promos"],["addProductToBasket_26","forceAjax","/rayon.productgridorlist.productlist.thumbnailproduct.addproducttobasket/LV0000001914?t:ac=promos"],["addProductToShoppingList_26","forceAjax","/rayon.productgridorlist.productlist.thumbnailproduct.addproducttoshoppinglist/LV0000001914?t:ac=promos"],["addProductToBasket_27","forceAjax","/rayon.productgridorlist.productlist.thumbnailproduct.addproducttobasket/LV0000002265?t:ac=promos"],["addProductToShoppingList_27","forceAjax","/rayon.productgridorlist.productlist.thumbnailproduct.addproducttoshoppinglist/LV0000002265?t:ac=promos"],["addProductToBasket_28","forceAjax","/rayon.productgridorlist.productlist.thumbnailproduct.addproducttobasket/1647?t:ac=promos"],["addProductToShoppingList_28","forceAjax","/rayon.productgridorlist.productlist.thumbnailproduct.addproducttoshoppinglist/1647?t:ac=promos"],["addProductToBasket_29","forceAjax","/rayon.productgridorlist.productlist.thumbnailproduct.addproducttobasket/102648?t:ac=promos"],["addProductToShoppingList_29","forceAjax","/rayon.productgridorlist.productlist.thumbnailproduct.addproducttoshoppinglist/102648?t:ac=promos"],["addProductToBasket_30","forceAjax","/rayon.productgridorlist.productlist.thumbnailproduct.addproducttobasket/102665?t:ac=promos"],["addProductToShoppingList_30","forceAjax","/rayon.productgridorlist.productlist.thumbnailproduct.addproducttoshoppinglist/102665?t:ac=promos"],["addProductToBasket_31","forceAjax","/rayon.productgridorlist.productlist.thumbnailproduct.addproducttobasket/102664?t:ac=promos"],["addProductToShoppingList_31","forceAjax","/rayon.productgridorlist.productlist.thumbnailproduct.addproducttoshoppinglist/102664?t:ac=promos"],["addProductToBasket_32","forceAjax","/rayon.productgridorlist.productlist.thumbnailproduct.addproducttobasket/40826?t:ac=promos"],["addProductToShoppingList_32","forceAjax","/rayon.productgridorlist.productlist.thumbnailproduct.addproducttoshoppinglist/40826?t:ac=promos"],["addProductToBasket_33","forceAjax","/rayon.productgridorlist.productlist.thumbnailproduct.addproducttobasket/96868?t:ac=promos"],["addProductToShoppingList_33","forceAjax","/rayon.productgridorlist.productlist.thumbnailproduct.addproducttoshoppinglist/96868?t:ac=promos"],["addProductToBasket_34","forceAjax","/rayon.productgridorlist.productlist.thumbnailproduct.addproducttobasket/89555?t:ac=promos"],["addProductToShoppingList_34","forceAjax","/rayon.productgridorlist.productlist.thumbnailproduct.addproducttoshoppinglist/89555?t:ac=promos"],["addProductToBasket_35","forceAjax","/rayon.productgridorlist.productlist.thumbnailproduct.addproducttobasket/96444?t:ac=promos"],["addProductToShoppingList_35","forceAjax","/rayon.productgridorlist.productlist.thumbnailproduct.addproducttoshoppinglist/96444?t:ac=promos"],["addProductToBasket_36","forceAjax","/rayon.productgridorlist.productlist.thumbnailproduct.addproducttobasket/96445?t:ac=promos"],["addProductToShoppingList_36","forceAjax","/rayon.productgridorlist.productlist.thumbnailproduct.addproducttoshoppinglist/96445?t:ac=promos"],["addProductToBasket_37","forceAjax","/rayon.productgridorlist.productlist.thumbnailproduct.addproducttobasket/2548?t:ac=promos"],["addProductToShoppingList_37","forceAjax","/rayon.productgridorlist.productlist.thumbnailproduct.addproducttoshoppinglist/2548?t:ac=promos"],["addProductToBasket_38","forceAjax","/rayon.productgridorlist.productlist.thumbnailproduct.addproducttobasket/109661?t:ac=promos"],["addProductToShoppingList_38","forceAjax","/rayon.productgridorlist.productlist.thumbnailproduct.addproducttoshoppinglist/109661?t:ac=promos"],["addProductToBasket_39","forceAjax","/rayon.productgridorlist.productlist.thumbnailproduct.addproducttobasket/76613?t:ac=promos"],["addProductToShoppingList_39","forceAjax","/rayon.productgridorlist.productlist.thumbnailproduct.addproducttoshoppinglist/76613?t:ac=promos"],["addProductToBasket_40","forceAjax","/rayon.productgridorlist.productlist.thumbnailproduct.addproducttobasket/LV0000000749?t:ac=promos"],["addProductToShoppingList_40","forceAjax","/rayon.productgridorlist.productlist.thumbnailproduct.addproducttoshoppinglist/LV0000000749?t:ac=promos"],["addProductToBasket_41","forceAjax","/rayon.productgridorlist.productlist.thumbnailproduct.addproducttobasket/73488?t:ac=promos"],["addProductToShoppingList_41","forceAjax","/rayon.productgridorlist.productlist.thumbnailproduct.addproducttoshoppinglist/73488?t:ac=promos"],["addProductToBasket_42","forceAjax","/rayon.productgridorlist.productlist.thumbnailproduct.addproducttobasket/55433?t:ac=promos"],["addProductToShoppingList_42","forceAjax","/rayon.productgridorlist.productlist.thumbnailproduct.addproducttoshoppinglist/55433?t:ac=promos"],["addProductToBasket_43","forceAjax","/rayon.productgridorlist.productlist.thumbnailproduct.addproducttobasket/25607?t:ac=promos"],["addProductToShoppingList_43","forceAjax","/rayon.productgridorlist.productlist.thumbnailproduct.addproducttoshoppinglist/25607?t:ac=promos"],["addProductToBasket_44","forceAjax","/rayon.productgridorlist.productlist.thumbnailproduct.addproducttobasket/57863?t:ac=promos"],["addProductToShoppingList_44","forceAjax","/rayon.productgridorlist.productlist.thumbnailproduct.addproducttoshoppinglist/57863?t:ac=promos"],["addProductToBasket_45","forceAjax","/rayon.productgridorlist.productlist.thumbnailproduct.addproducttobasket/51527?t:ac=promos"],["addProductToShoppingList_45","forceAjax","/rayon.productgridorlist.productlist.thumbnailproduct.addproducttoshoppinglist/51527?t:ac=promos"],["addProductToBasket_46","forceAjax","/rayon.productgridorlist.productlist.thumbnailproduct.addproducttobasket/104287?t:ac=promos"],["addProductToShoppingList_46","forceAjax","/rayon.productgridorlist.productlist.thumbnailproduct.addproducttoshoppinglist/104287?t:ac=promos"],["addProductToBasket_47","forceAjax","/rayon.productgridorlist.productlist.thumbnailproduct.addproducttobasket/107345?t:ac=promos"],["addProductToShoppingList_47","forceAjax","/rayon.productgridorlist.productlist.thumbnailproduct.addproducttoshoppinglist/107345?t:ac=promos"],["addProductToBasket_48","forceAjax","/rayon.productgridorlist.productlist.thumbnailproduct.addproducttobasket/107165?t:ac=promos"],["addProductToShoppingList_48","forceAjax","/rayon.productgridorlist.productlist.thumbnailproduct.addproducttoshoppinglist/107165?t:ac=promos"],["addProductToBasket_49","forceAjax","/rayon.productgridorlist.productlist.thumbnailproduct.addproducttobasket/101006?t:ac=promos"],["addProductToShoppingList_49","forceAjax","/rayon.productgridorlist.productlist.thumbnailproduct.addproducttoshoppinglist/101006?t:ac=promos"],["addProductToBasket_50","forceAjax","/rayon.productgridorlist.productlist.thumbnailproduct.addproducttobasket/102661?t:ac=promos"],["addProductToShoppingList_50","forceAjax","/rayon.productgridorlist.productlist.thumbnailproduct.addproducttoshoppinglist/102661?t:ac=promos"],["addProductToBasket_51","forceAjax","/rayon.productgridorlist.productlist.thumbnailproduct.addproducttobasket/76809?t:ac=promos"],["addProductToShoppingList_51","forceAjax","/rayon.productgridorlist.productlist.thumbnailproduct.addproducttoshoppinglist/76809?t:ac=promos"],["addProductToBasket_52","forceAjax","/rayon.productgridorlist.productlist.thumbnailproduct.addproducttobasket/LV0000002196?t:ac=promos"],["addProductToShoppingList_52","forceAjax","/rayon.productgridorlist.productlist.thumbnailproduct.addproducttoshoppinglist/LV0000002196?t:ac=promos"],["addProductToBasket_53","forceAjax","/rayon.productgridorlist.productlist.thumbnailproduct.addproducttobasket/61042?t:ac=promos"],["addProductToShoppingList_53","forceAjax","/rayon.productgridorlist.productlist.thumbnailproduct.addproducttoshoppinglist/61042?t:ac=promos"],["addProductToBasket_54","forceAjax","/rayon.productgridorlist.productlist.thumbnailproduct.addproducttobasket/59246?t:ac=promos"],["addProductToShoppingList_54","forceAjax","/rayon.productgridorlist.productlist.thumbnailproduct.addproducttoshoppinglist/59246?t:ac=promos"],["addProductToBasket_55","forceAjax","/rayon.productgridorlist.productlist.thumbnailproduct.addproducttobasket/LV0000000733?t:ac=promos"],["addProductToShoppingList_55","forceAjax","/rayon.productgridorlist.productlist.thumbnailproduct.addproducttoshoppinglist/LV0000000733?t:ac=promos"],["addProductToBasket_56","forceAjax","/rayon.productgridorlist.productlist.thumbnailproduct.addproducttobasket/40681?t:ac=promos"],["addProductToShoppingList_56","forceAjax","/rayon.productgridorlist.productlist.thumbnailproduct.addproducttoshoppinglist/40681?t:ac=promos"],["addProductToBasket_57","forceAjax","/rayon.productgridorlist.productlist.thumbnailproduct.addproducttobasket/31563?t:ac=promos"],["addProductToShoppingList_57","forceAjax","/rayon.productgridorlist.productlist.thumbnailproduct.addproducttoshoppinglist/31563?t:ac=promos"],["addProductToBasket_58","forceAjax","/rayon.productgridorlist.productlist.thumbnailproduct.addproducttobasket/94987?t:ac=promos"],["addProductToShoppingList_58","forceAjax","/rayon.productgridorlist.productlist.thumbnailproduct.addproducttoshoppinglist/94987?t:ac=promos"],["addProductToBasket_59","forceAjax","/rayon.productgridorlist.productlist.thumbnailproduct.addproducttobasket/1320?t:ac=promos"],["addProductToShoppingList_59","forceAjax","/rayon.productgridorlist.productlist.thumbnailproduct.addproducttoshoppinglist/1320?t:ac=promos"],["addProductToBasket_60","forceAjax","/rayon.productgridorlist.productlist.thumbnailproduct.addproducttobasket/73774?t:ac=promos"],["addProductToShoppingList_60","forceAjax","/rayon.productgridorlist.productlist.thumbnailproduct.addproducttoshoppinglist/73774?t:ac=promos"],["addProductToBasket_61","forceAjax","/rayon.productgridorlist.productlist.thumbnailproduct.addproducttobasket/LV0000002181?t:ac=promos"],["addProductToShoppingList_61","forceAjax","/rayon.productgridorlist.productlist.thumbnailproduct.addproducttoshoppinglist/LV0000002181?t:ac=promos"],["addProductToBasket_62","forceAjax","/rayon.productgridorlist.productlist.thumbnailproduct.addproducttobasket/LV0000002203?t:ac=promos"],["addProductToShoppingList_62","forceAjax","/rayon.productgridorlist.productlist.thumbnailproduct.addproducttoshoppinglist/LV0000002203?t:ac=promos"],["addProductToBasket_63","forceAjax","/rayon.productgridorlist.productlist.thumbnailproduct.addproducttobasket/74961?t:ac=promos"],["addProductToShoppingList_63","forceAjax","/rayon.productgridorlist.productlist.thumbnailproduct.addproducttoshoppinglist/74961?t:ac=promos"],["addProductToBasket_64","forceAjax","/rayon.productgridorlist.productlist.thumbnailproduct.addproducttobasket/74429?t:ac=promos"],["addProductToShoppingList_64","forceAjax","/rayon.productgridorlist.productlist.thumbnailproduct.addproducttoshoppinglist/74429?t:ac=promos"],["addProductToBasket_65","forceAjax","/rayon.productgridorlist.productlist.thumbnailproduct.addproducttobasket/72285?t:ac=promos"],["addProductToShoppingList_65","forceAjax","/rayon.productgridorlist.productlist.thumbnailproduct.addproducttoshoppinglist/72285?t:ac=promos"],["addProductToBasket_66","forceAjax","/rayon.productgridorlist.productlist.thumbnailproduct.addproducttobasket/98785?t:ac=promos"],["addProductToShoppingList_66","forceAjax","/rayon.productgridorlist.productlist.thumbnailproduct.addproducttoshoppinglist/98785?t:ac=promos"],["addProductToBasket_67","forceAjax","/rayon.productgridorlist.productlist.thumbnailproduct.addproducttobasket/74360?t:ac=promos"],["addProductToShoppingList_67","forceAjax","/rayon.productgridorlist.productlist.thumbnailproduct.addproducttoshoppinglist/74360?t:ac=promos"],["addProductToBasket_68","forceAjax","/rayon.productgridorlist.productlist.thumbnailproduct.addproducttobasket/LV0000002151?t:ac=promos"],["addProductToShoppingList_68","forceAjax","/rayon.productgridorlist.productlist.thumbnailproduct.addproducttoshoppinglist/LV0000002151?t:ac=promos"],["addProductToBasket_69","forceAjax","/rayon.productgridorlist.productlist.thumbnailproduct.addproducttobasket/LV0000002150?t:ac=promos"],["addProductToShoppingList_69","forceAjax","/rayon.productgridorlist.productlist.thumbnailproduct.addproducttoshoppinglist/LV0000002150?t:ac=promos"],["addProductToBasket_70","forceAjax","/rayon.productgridorlist.productlist.thumbnailproduct.addproducttobasket/LV0000002198?t:ac=promos"],["addProductToShoppingList_70","forceAjax","/rayon.productgridorlist.productlist.thumbnailproduct.addproducttoshoppinglist/LV0000002198?t:ac=promos"],["addProductToBasket_71","forceAjax","/rayon.productgridorlist.productlist.thumbnailproduct.addproducttobasket/LV0000000401?t:ac=promos"],["addProductToShoppingList_71","forceAjax","/rayon.productgridorlist.productlist.thumbnailproduct.addproducttoshoppinglist/LV0000000401?t:ac=promos"],["addProductToBasket_72","forceAjax","/rayon.productgridorlist.productlist.thumbnailproduct.addproducttobasket/LV0000002200?t:ac=promos"],["addProductToShoppingList_72","forceAjax","/rayon.productgridorlist.productlist.thumbnailproduct.addproducttoshoppinglist/LV0000002200?t:ac=promos"],["addProductToBasket_73","forceAjax","/rayon.productgridorlist.productlist.thumbnailproduct.addproducttobasket/LV0000002178?t:ac=promos"],["addProductToShoppingList_73","forceAjax","/rayon.productgridorlist.productlist.thumbnailproduct.addproducttoshoppinglist/LV0000002178?t:ac=promos"],["addProductToBasket_74","forceAjax","/rayon.productgridorlist.productlist.thumbnailproduct.addproducttobasket/LV0000000758?t:ac=promos"],["addProductToShoppingList_74","forceAjax","/rayon.productgridorlist.productlist.thumbnailproduct.addproducttoshoppinglist/LV0000000758?t:ac=promos"],["addProductToBasket_75","forceAjax","/rayon.productgridorlist.productlist.thumbnailproduct.addproducttobasket/102900?t:ac=promos"],["addProductToShoppingList_75","forceAjax","/rayon.productgridorlist.productlist.thumbnailproduct.addproducttoshoppinglist/102900?t:ac=promos"],["addProductToBasket_76","forceAjax","/rayon.productgridorlist.productlist.thumbnailproduct.addproducttobasket/96711?t:ac=promos"],["addProductToShoppingList_76","forceAjax","/rayon.productgridorlist.productlist.thumbnailproduct.addproducttoshoppinglist/96711?t:ac=promos"],["addProductToBasket_77","forceAjax","/rayon.productgridorlist.productlist.thumbnailproduct.addproducttobasket/LV0000002012?t:ac=promos"],["addProductToShoppingList_77","forceAjax","/rayon.productgridorlist.productlist.thumbnailproduct.addproducttoshoppinglist/LV0000002012?t:ac=promos"],["suggestionPopup","forceAjax","/rayon.suggestionpopup?t:ac=promos"],["eventlink","forceAjax","/rayon.customerinfos:showsigninpopup?t:ac=promos"],["registerPopup","forceAjax","/rayon.customerinfos.registerpopup?t:ac=promos"],["popupAuth","forceAjax","/rayon.customerinfos.popupauth?t:ac=promos"],["showSlotTab","forceAjax","/rayon.customerinfos.slotinfo.showslottab?t:ac=promos"],["basket","forceAjax","/rayon.customerinfos.basket?t:ac=promos"],["lists","forceAjax","/rayon.customerinfos.lists?t:ac=promos"],["topBasket","forceAjax","/rayon.customerinfos.topbasket?t:ac=promos"],["validateBasket","forceAjax","/rayon.customerinfos.minibasket.validatebasket?t:ac=promos"]]});
});
</script></body></html>