<!DOCTYPE html PUBLIC "-//W3C//DTD XHTML 1.0 Strict//EN" "http://www.w3.org/TR/xhtml1/DTD/xhtml1-strict.dtd"><html xmlns="http://www.w3.org/1999/xhtml"><head><meta content="text/html; charset=utf-8" http-equiv="content-type"></meta><title>Vente Petit-déjeuner en ligne - Auchandirect.fr</title><!-- correction d'un bug de compatibilité tapestry/IE9 --><meta content="IE=EmulateIE8" http-equiv="X-UA-Compatible"></meta><meta content="Faites vos courses en ligne sur Auchandirect.fr! Petit-déjeuner en livraison 24h dans les régions de Paris, Lyon, Marseille, Toulouse et Lille." name="description"></meta><meta content="index, follow" name="robots"></meta><meta content="0" http-equiv="expires"></meta><meta content="no-cache" http-equiv="pragma"></meta><meta content="no-store, no-cache, must-revalidate" http-equiv="cache-control"></meta><link type="text/css" rel="stylesheet" href="http://www.refonte.auchandirect.fr/assets/tapestry/5.1.0.5/default.css"></link><link type="text/css" rel="stylesheet" href="http://www.refonte.auchandirect.fr/assets/ctx/cb0cdd30e165aaa4/static/css/auchan_surcharge.css"></link><link type="text/css" rel="stylesheet" href="http://www.refonte.auchandirect.fr/assets/ctx/cb0cdd30e165aaa4/static/css/styles.css"></link><link type="text/css" rel="stylesheet" href="http://www.refonte.auchandirect.fr/assets/ctx/cb0cdd30e165aaa4/static/css/common.css"></link><link media="screen" href="http://www.refonte.auchandirect.fr/static/fancybox/jquery.fancybox-1.3.4.css" type="text/css" rel="stylesheet"></link><!--[if lte IE 7]><style type="text/css">div#engagements .item .item-picto, div#engagements
.item .item-texte, div#engagements-long .item .item-picto,
div#engagements-long .item .item-texte { display: inline; zoom:1; }</style><link media="all" type="text/css" href="/static/css/ie7.css" rel="stylesheet"></link><![endif]--><!--[if lte IE 8]><link media="all" type="text/css" href="/static/css/ie8.css" rel="stylesheet"></link><![endif]--><!--[if lte IE 9]><style type="text/css">
.liste-produits-menu a.active , .liste-produits-menu a:hover{
filter: none;}
</style><![endif]--><!--[if IE]><link media="all" type="text/css" href="/static/css/ie.css" rel="stylesheet"></link><![endif]--><script src="http://www.refonte.auchandirect.fr/assets/scriptaculous/5.1.0.5/prototype.js" type="text/javascript"></script><script src="http://www.refonte.auchandirect.fr/assets/scriptaculous/5.1.0.5/scriptaculous.js" type="text/javascript"></script><script src="http://www.refonte.auchandirect.fr/assets/scriptaculous/5.1.0.5/effects.js" type="text/javascript"></script><script src="http://www.refonte.auchandirect.fr/assets/tapestry/5.1.0.5/tapestry.js" type="text/javascript"></script><script src="http://www.refonte.auchandirect.fr/assets/tapestry/5.1.0.5/tapestry-messages.js" type="text/javascript"></script><script src="http://www.refonte.auchandirect.fr/assets/ctx/cb0cdd30e165aaa4/static/scripts/tapestry-patch.js" type="text/javascript"></script><script src="http://www.refonte.auchandirect.fr/assets/ctx/cb0cdd30e165aaa4/static/scripts/jquery.min.js" type="text/javascript"></script><script src="http://www.refonte.auchandirect.fr/assets/ctx/cb0cdd30e165aaa4/static/scripts/jquery.tools.min.js" type="text/javascript"></script><script src="http://www.refonte.auchandirect.fr/assets/ctx/cb0cdd30e165aaa4/static/fancybox/jquery.fancybox-1.3.4.js" type="text/javascript"></script><script src="http://www.refonte.auchandirect.fr/assets/ctx/cb0cdd30e165aaa4/static/scripts/cacom-custom-lib.js" type="text/javascript"></script><script src="http://www.refonte.auchandirect.fr/assets/ctx/cb0cdd30e165aaa4/static/fancybox/jquery.mousewheel-3.0.4.pack.js" type="text/javascript"></script><script src="http://www.refonte.auchandirect.fr/assets/ctx/cb0cdd30e165aaa4/static/scripts/common.js" type="text/javascript"></script><script src="http://www.refonte.auchandirect.fr/assets/ctx/cb0cdd30e165aaa4/static/scripts/ZoneUpdater.js" type="text/javascript"></script><script src="http://www.refonte.auchandirect.fr/assets/ctx/cb0cdd30e165aaa4/static/scripts/jquery.carouFredSel-5.5.0-packed.js" type="text/javascript"></script><script type="text/javascript" language="javascript">
var j = jQuery.noConflict();
j(function() {
j("#foo2").carouFredSel({
circular: true,
infinite: false,
auto : true,
scroll : {
items : "page"
},
prev : {
button : "#foo2_prev",
key : "left"
},
next : {
button : "#foo2_next",
key : "right"
},
pagination : "#foo2_pag"
});
if($(".caroufredsel_wrapper")!=null)
$(".caroufredsel_wrapper").css({
'height': '246px'
});
if($(".page_famille_carrousel")!=null)
$(".page_famille_carrousel").css({
'overflow': 'hidden'
});
});
</script></head><body style=""><div class="fiche-produit" id="page"><div id="tetiere"><div id="logo"><!-- HEADER_LOGO --><div id="logo">
<a href="../../../index.html" title="accueil"><img src="http://www.refonte.auchandirect.fr/static/images/logo-auchan.jpg" alt="Accueil" /></a>
</div>
</div><div id="pub"><?xml version="1.0" encoding="UTF-8"?><a  href="../../../commander/identification.signin.forgetpwdpopup.html"  title="Inscrivez-vous et bénéficiez de la 1ere livraison offerte avec le code BIENVENUE dès 120€ d'achats"><img src="http://www.refonte.auchandirect.fr/img/display/000/000/530/5301.jpg" /></a>
</div><!-- HEADER_HAUT_DROIT --><!-- <t:outputraw value="headerHauteDroit" /> --><div id="newsletter"><h3>Newsletter</h3><a id="newsLetterPopup" onclick="javascript:Tapestry.waitForPage(event);" href="http://www.refonte.auchandirect.fr/rayon.pagetemplate.header.headertop.newsletterpopup?t:ac=484">Inscrivez-vous vite !</a></div></div><div id="menu-top"><div id="menu-promos"><ul class="menu menu-horizontal"><li><a title="promos" class="menu-top-promos" href="../../../rayon.customerinfos.minibasket.validatebasket%3Ft:ac=promos.html">Promotions</a></li><li><a title="nouveautes" class="menu-top-nouveautes" href="../../../nouveaut%25C3%25A9s/id0/nouveautes.html">Nouveautés</a></li></ul></div><div id="bloc-recherche"><form onsubmit="javascript:Tapestry.waitForPage(event);" action="http://www.refonte.auchandirect.fr/rayon.pagetemplate.header.headermenutop.searchform" method="post" id="searchForm" name="searchForm"><div class="t-invisible"><input value="484" name="t:ac" type="hidden"></input><input value="H4sIAAAAAAAAAJ2QoU4DQRBAp03A1JHwB2C3CGrAUAGqIaQXPmBub7jbZndn2Z2D1mD4DwyW8BMVOP6hhmCQoBBce3UkJEVNMsnMe3lPH7B1ewBqjDP2RwFLEnLBopCqCAuK6+HI18JBJcKoqxRhwLFUGFBXpAQDJYmzgdIcyZpc5ZhIDfNmiVrODNliLyOpw/7lvLfYffnuQmcEPc1eIttzdCSwM5rgDfYt+rKfSTS+PJ4Gge2W+C/H4aaOF5E1pZTVuTMpGfbz5+Lw6uvhtQswDRs5LF9I43Dyp4NmF9iTl6RWUPmt8LYYf96fPr63ychSg5Blsmu4g06baHX6A/6kTBjLAQAA" name="t:formdata" type="hidden"></input></div><div><input title="recherche" class="texte-recherche" value="Rechercher" id="search" name="search" type="text"></input><img id="search-icon" class="t-error-icon t-invisible" alt="" src="http://www.refonte.auchandirect.fr/assets/tapestry/5.1.0.5/spacer.gif"/><input value="OK" class="recherche-submit" name="submit" type="submit"></input></div></form></div></div><div id="menu" class="float-container"><ul id="menu-principal" class="menu menu-horizontal"><li><a class="first" title="RR1002" href="484.html#">Marché</a><div class="hovered_big_menu" id="4042"><div class="menu-panel"><div class="menu-listes-container float-container"><div class="menu-listes"><ul class="menu menu-horizontal menu_left"><li><h3><a title="RR2007" rel="page-461" href="../../../sousfamille.customerinfos.minibasket.validatebasket%3Ft:ac=404%252F461.html">Fruits</a></h3><ul class="menu"><li><a href="../../../march%25C3%25A9/fruits/fruits-de-saison/id0/592.html">Fruits de saison </a></li><li><a href="../../../march%25C3%25A9/fruits/agrumes/id0/444663.html">Agrumes</a></li><li><a href="../../../march%25C3%25A9/fruits/bananes,-fruits-exotiques/id0/589.html">Bananes, Fruits exotiques</a></li><li><a href="../../../march%25C3%25A9/fruits/pommes,-poires/id0/593.html">Pommes, Poires</a></li><li><a href="../../../march%25C3%25A9/fruits/fruits-rouges/id0/590.html">Fruits rouges</a></li><li><a href="../../../march%25C3%25A9/fruits/fruits-%25C3%25A0-noyau,-raisins/id0/596.html">Fruits à Noyau, Raisins</a></li><li><a href="../../../march%25C3%25A9/fruits/fruits-secs-et-pr%25C3%25AAts-%25C3%25A0-l'emploi/id0/595.html">Fruits Secs et Prêts à l'Emploi</a></li><li><a href="../../../march%25C3%25A9/fruits/jus-de-fruits-frais/id0/100371.html">Jus de Fruits frais</a></li></ul></li><li><h3><a title="RR2006" rel="page-463" href="../../../id3/404/463.html">Légumes</a></h3><ul class="menu"><li><a href="../../../march%25C3%25A9/l%25C3%25A9gumes/l%25C3%25A9gumes-de-saison/id0/431975.html">Légumes de saison</a></li><li><a href="../../../march%25C3%25A9/l%25C3%25A9gumes/salades,-endives,-herbes-aromatiques/id0/585.html">Salades, Endives, Herbes aromatiques</a></li><li><a href="../../../march%25C3%25A9/l%25C3%25A9gumes/tomates/id0/82017.html">Tomates</a></li><li><a href="../../../march%25C3%25A9/l%25C3%25A9gumes/aubergines,-courgettes,-poivrons/id0/583.html">Aubergines, Courgettes, Poivrons</a></li><li><a href="../../../march%25C3%25A9/l%25C3%25A9gumes/avocats,-concombres,-radis,-celeris/id0/581.html">Avocats, Concombres, Radis, Celeris</a></li><li><a href="../../../march%25C3%25A9/l%25C3%25A9gumes/carottes,-poireaux,-navets,-potirons,-choux/id0/580.html">Carottes, Poireaux, Navets, Potirons, Choux</a></li><li><a href="../../../march%25C3%25A9/l%25C3%25A9gumes/l%25C3%25A9gumes-verts,-asperges,-champignons/id0/579.html">Légumes verts, Asperges, Champignons</a></li><li><a href="../../../march%25C3%25A9/l%25C3%25A9gumes/pommes-de-terre/id0/584.html">Pommes de Terre</a></li><li><a href="../../../march%25C3%25A9/l%25C3%25A9gumes/ails,-oignons,-echalotes/id0/587.html">Ails, Oignons, Echalotes</a></li><li><a href="../../../march%25C3%25A9/l%25C3%25A9gumes/soupes-fra%25C3%25AEches,-pr%25C3%25AAts-%25C3%25A0-l'emploi,-l%25C3%25A9gumes-secs/id0/588.html">Soupes Fraîches, Prêts à l'emploi, Légumes secs</a></li></ul></li><li><h3><a title="RR2009" rel="page-460" href="../../../id3/404/460.html">Boucherie - Volaille</a></h3><ul class="menu"><li><a href="../../../march%25C3%25A9/boucherie---volaille/les-pi%25C3%25A8ces-du-boucher/id0/431977.html">Les pièces du Boucher</a></li><li><a href="../../../march%25C3%25A9/boucherie---volaille/b%25C5%2593uf/id0/601.html">Bœuf</a></li><li><a href="../../../march%25C3%25A9/boucherie---volaille/porc,-veau,-agneau/id0/600.html">Porc, Veau, Agneau</a></li><li><a href="../../../march%25C3%25A9/boucherie---volaille/poulet,-dinde,-autres-volailles/id0/603.html">Poulet, Dinde, Autres Volailles</a></li><li><a href="../../../march%25C3%25A9/boucherie---volaille/saucisse,-viandes-cuisin%25C3%25A9es,-snack,-sauce/id0/602.html">Saucisse, Viandes Cuisinées, Snack, Sauce</a></li></ul></li><li><h3><a title="RR2008" rel="page-462" href="../../../id3/404/462.html">Produits de la mer</a></h3><ul class="menu"><li><a href="../../../march%25C3%25A9/produits-de-la-mer/poissons-frais,-fruits-de-mer,-poissons-pan%25C3%25A9s/id0/597.html">Poissons frais, Fruits de Mer, Poissons Panés</a></li><li><a href="../../../march%25C3%25A9/produits-de-la-mer/poissons-fum%25C3%25A9s/id0/82012.html">Poissons Fumés</a></li><li><a href="../../../march%25C3%25A9/produits-de-la-mer/produits-ap%25C3%25A9ritifs/id0/100366.html">Produits Apéritifs</a></li><li><a href="../../../march%25C3%25A9/produits-de-la-mer/surimis/id0/100363.html">Surimis</a></li></ul></li><li><h3><a title="RR3360" rel="page-100376" href="../../../id3/404/100376.html">Pains - Viennoiseries</a></h3><ul class="menu"><li><a href="../../../march%25C3%25A9/pains---viennoiseries/pains,-pains-de-mie/id0/100377.html">Pains, Pains de mie</a></li><li><a href="../../../march%25C3%25A9/pains---viennoiseries/pains-%25C3%25A0-garnir/id0/431981.html">Pains à garnir</a></li><li><a href="../../../march%25C3%25A9/pains---viennoiseries/brioches-et-viennoiseries/id0/100381.html">Brioches et Viennoiseries</a></li></ul></li></ul><?xml version="1.0" encoding="UTF-8"?><a href="http://www.refonte.auchandirect.fr/rayon/511862"><img src="http://www.refonte.auchandirect.fr/static/vitamines.jpg" alt="Faites le plein de vitamines !" title="Faites le plein de vitamines !" width="150" height="275" /></a>    
<div class="clear"></div></div><div class="clear"></div></div></div></div></li><li><a title="RR1003" href="484.html#">Produits laitiers<br/>Œufs</a><div class="hovered_big_menu" id="4082"><div class="menu-panel"><div class="menu-listes-container float-container"><div class="menu-listes"><ul class="menu menu-horizontal menu_left"><li><h3><a title="RR2010" rel="page-459" href="../../../id3/408/459.html">Crémerie, Oeufs</a></h3><ul class="menu"><li><a href="../../../produits-laitiers,-%25C5%2593ufs/cr%25C3%25A9merie,-oeufs/laits/id0/605.html">Laits</a></li><li><a href="../../../produits-laitiers,-%25C5%2593ufs/cr%25C3%25A9merie,-oeufs/cr%25C3%25A8mes-fra%25C3%25AEches,-sauces/id0/608.html">Crèmes Fraîches, Sauces </a></li><li><a href="../../../produits-laitiers,-%25C5%2593ufs/cr%25C3%25A9merie,-oeufs/beurres/id0/604.html">Beurres</a></li><li><a href="../../../produits-laitiers,-%25C5%2593ufs/cr%25C3%25A9merie,-oeufs/margarines/id0/607.html">Margarines</a></li><li><a href="../../../produits-laitiers,-%25C5%2593ufs/cr%25C3%25A9merie,-oeufs/oeufs/id0/606.html">Oeufs</a></li></ul></li><li><h3><a title="RR2011" rel="page-466" href="../../../id3/408/466.html">Fromages</a></h3><ul class="menu"><li><a href="../../../produits-laitiers,-%25C5%2593ufs/fromages/emmental,-comt%25C3%25A9,-rap%25C3%25A9,-parmesan/id0/431987.html">Emmental, Comté, Rapé et Parmesan</a></li><li><a href="../../../produits-laitiers,-%25C5%2593ufs/fromages/ch%25C3%25A8vres,-brebis,-bleus,-roqueforts/id0/610.html">Chèvres,  Brebis, Bleus, Roqueforts</a></li><li><a href="../../../produits-laitiers,-%25C5%2593ufs/fromages/camemberts,-coulommiers,-bries/id0/611.html">Camemberts,  Coulommiers,  Bries</a></li><li><a href="../../../produits-laitiers,-%25C5%2593ufs/fromages/sp%25C3%25A9cialit%25C3%25A9s,-aop/id0/612.html">Spécialités,  AOP</a></li><li><a href="../../../produits-laitiers,-%25C5%2593ufs/fromages/fromages-all%25C3%25A9g%25C3%25A9s/id0/618.html">Fromages Allégés</a></li><li><a href="../../../produits-laitiers,-%25C5%2593ufs/fromages/a-cuisiner,-a-tartiner,-a-fondre/id0/614.html">A cuisiner, A tartiner, A fondre</a></li><li><a href="../../../produits-laitiers,-%25C5%2593ufs/fromages/ap%25C3%25A9ritifs,-salades,-mozzarellas/id0/615.html">Apéritifs,  Salades,  Mozzarellas</a></li><li><a href="../../../produits-laitiers,-%25C5%2593ufs/fromages/enfants/id0/617.html">Enfants</a></li></ul></li><li><h3><a title="RR2012" rel="page-464" href="../../../id3/408/464.html">Yaourts, Desserts</a></h3><ul class="menu"><li><a href="../../../produits-laitiers,-%25C5%2593ufs/yaourts,-desserts/yaourts-natures,-fromages-blancs/id0/619.html">Yaourts natures, Fromages blancs</a></li><li><a href="../../../produits-laitiers,-%25C5%2593ufs/yaourts,-desserts/yaourts-aux-fruits,-aromatis%25C3%25A9s/id0/620.html">Yaourts aux fruits,  Aromatisés</a></li><li><a href="../../../produits-laitiers,-%25C5%2593ufs/yaourts,-desserts/yaourts-enfants,-a-boire/id0/621.html">Yaourts enfants, A boire</a></li><li><a href="../../../produits-laitiers,-%25C5%2593ufs/yaourts,-desserts/desserts-gourmands/id0/622.html">Desserts gourmands</a></li><li><a href="../../../produits-laitiers,-%25C5%2593ufs/yaourts,-desserts/all%25C3%25A9g%25C3%25A9s,-bien-%25C3%25AAtre/id0/623.html">Allégés,  Bien Être</a></li><li><a href="../../../produits-laitiers,-%25C5%2593ufs/yaourts,-desserts/compotes/id0/431969.html">Compotes</a></li></ul></li></ul><?xml version="1.0" encoding="UTF-8"?><a href="http://www.refonte.auchandirect.fr/rayon/593464"><img src="http://www.refonte.auchandirect.fr/static/S0213laitierV2.png" alt="La promo de la semaine au rayon laitier" title="La promo de la semaine au rayon laitier" /></a>    
<div class="clear"></div></div><div class="clear"></div></div></div></div></li><li><a title="RR1004" href="484.html#">Charcuterie<br/>Traiteur</a><div class="hovered_big_menu" id="4072"><div class="menu-panel"><div class="menu-listes-container float-container"><div class="menu-listes"><ul class="menu menu-horizontal menu_left"><li><h3><a title="RR2013" rel="page-468" href="../../../id3/407/468.html">Charcuterie</a></h3><ul class="menu"><li><a href="../../../charcuterie-traiteur/charcuterie/jambons/id0/624.html">Jambons</a></li><li><a href="../../../charcuterie-traiteur/charcuterie/lardons,-bacon,-aides-culinaires/id0/626.html">Lardons, Bacon, Aides culinaires</a></li><li><a href="../../../charcuterie-traiteur/charcuterie/saucisses,-boudins/id0/629.html">Saucisses, Boudins</a></li><li><a href="../../../charcuterie-traiteur/charcuterie/saucissons,-p%25C3%25A2t%25C3%25A9s,-rillettes/id0/625.html">Saucissons, Pâtés, Rillettes</a></li></ul></li><li><h3><a title="RR2014" rel="page-465" href="../../../id3/407/465.html">Traiteur</a></h3><ul class="menu"><li><a href="../../../charcuterie-traiteur/traiteur/entr%25C3%25A9es,-ap%25C3%25A9ritifs/id0/630.html">Entrées, Apéritifs</a></li><li><a href="../../../charcuterie-traiteur/traiteur/salades-compos%25C3%25A9es,-crudit%25C3%25A9s,-soupes/id0/627.html">Salades Composées, Crudités, Soupes</a></li><li><a href="../../../charcuterie-traiteur/traiteur/burgers,-croques/id0/632.html">Burgers, Croques</a></li><li><a href="../../../charcuterie-traiteur/traiteur/cordons-bleus,-nuggets,-grignottes/id0/636.html">Cordons Bleus, Nuggets, Grignottes</a></li><li><a href="../../../charcuterie-traiteur/traiteur/pizzas,-tartes,-quiches/id0/631.html">Pizzas, Tartes, Quiches</a></li><li><a href="../../../charcuterie-traiteur/traiteur/p%25C3%25A2tes-fra%25C3%25AEches,-quenelles/id0/634.html">Pâtes Fraîches, Quenelles</a></li><li><a href="../../../charcuterie-traiteur/traiteur/plats-cuisin%25C3%25A9s/id0/628.html">Plats cuisinés</a></li><li><a href="../../../charcuterie-traiteur/traiteur/p%25C3%25A2tes-%25C3%25A0-tarte-et-%25C3%25A0-g%25C3%25A2teaux/id0/633.html">Pâtes à Tarte et à Gâteaux</a></li><li><a href="../../../charcuterie-traiteur/traiteur/destockage-foie-gras-et-toasts/id0/565014.html">Destockage Foie Gras et Toasts</a></li></ul></li><li><h3><a title="RR2016" rel="page-467" href="../../../id3/407/467.html">Traiteur de la Mer</a></h3><ul class="menu"><li><a href="../../../charcuterie-traiteur/traiteur-de-la-mer/poissons-fum%25C3%25A9s/id0/639.html">Poissons Fumés</a></li><li><a href="../../../charcuterie-traiteur/traiteur-de-la-mer/surimis,-poissons-pan%25C3%25A9s/id0/637.html">Surimis, Poissons panés</a></li><li><a href="../../../charcuterie-traiteur/traiteur-de-la-mer/produits-ap%25C3%25A9ritifs/id0/640.html">Produits Apéritifs</a></li></ul></li></ul><?xml version="1.0" encoding="UTF-8"?><a href="http://www.refonte.auchandirect.fr/rayon/511863"><img src="http://www.refonte.auchandirect.fr/static/jambons.jpg" alt="Le jambon...c'est meilleur en promo !" title="Le jambon...c'est meilleur en promo !" width="150" height="275" /></a>     
<div class="clear"></div></div><div class="clear"></div></div></div></div></li><li><a title="RR1005" href="484.html#">Surgelés</a><div class="hovered_big_menu" id="4062"><div class="menu-panel"><div class="menu-listes-container float-container"><div class="menu-listes"><ul class="menu menu-horizontal menu_left"><li><h3><a title="RR2017" rel="page-472" href="../../../id3/406/472.html">Apéritifs, Entrées, Snacks</a></h3><ul class="menu"><li><a href="../../../surgel%25C3%25A9s/ap%25C3%25A9ritifs,-entr%25C3%25A9es,-snacks/ap%25C3%25A9ritifs,-petits-fours/id0/431976.html">Apéritifs, Petits fours</a></li><li><a href="../../../surgel%25C3%25A9s/ap%25C3%25A9ritifs,-entr%25C3%25A9es,-snacks/cr%25C3%25AApes,-feuillet%25C3%25A9s/id0/431978.html">Crêpes, Feuilletés</a></li><li><a href="../../../surgel%25C3%25A9s/ap%25C3%25A9ritifs,-entr%25C3%25A9es,-snacks/bun's,-burgers/id0/431979.html">Bun's, Burgers</a></li><li><a href="../../../surgel%25C3%25A9s/ap%25C3%25A9ritifs,-entr%25C3%25A9es,-snacks/coquilles,-escargots/id0/431980.html">Coquilles, Escargots</a></li></ul></li><li><h3><a title="Pizzas, Tartes, Plats cuisinés" rel="page-431964" href="../../../id3/406/431964.html">Pizzas, Tartes, Plats cuisinés</a></h3><ul class="menu"><li><a href="../../../surgel%25C3%25A9s/pizzas,-tartes,-plats-cuisin%25C3%25A9s/pizzas/id0/648.html">Pizzas</a></li><li><a href="../../../surgel%25C3%25A9s/pizzas,-tartes,-plats-cuisin%25C3%25A9s/tartes,-quiches/id0/431973.html">Tartes, Quiches</a></li><li><a href="../../../surgel%25C3%25A9s/pizzas,-tartes,-plats-cuisin%25C3%25A9s/plats-cuisin%25C3%25A9s/id0/646.html">Plats Cuisinés</a></li></ul></li><li><h3><a title="RR2019" rel="page-470" href="../../../id3/406/470.html">Viandes, Produits de la Mer</a></h3><ul class="menu"><li><a href="../../../surgel%25C3%25A9s/viandes,-produits-de-la-mer/viandes/id0/652.html">Viandes</a></li><li><a href="../../../surgel%25C3%25A9s/viandes,-produits-de-la-mer/produits-de-la-mer/id0/654.html">Produits de la Mer</a></li></ul></li><li><h3><a title="RR2018" rel="page-469" href="../../../id3/406/469.html">Légumes, Pommes de Terre, Herbes</a></h3><ul class="menu"><li><a href="../../../surgel%25C3%25A9s/l%25C3%25A9gumes,-pommes-de-terre,-herbes/frites,-pommes-de-terre/id0/647.html">Frites, Pommes de Terre</a></li><li><a href="../../../surgel%25C3%25A9s/l%25C3%25A9gumes,-pommes-de-terre,-herbes/l%25C3%25A9gumes/id0/650.html">Légumes</a></li><li><a href="../../../surgel%25C3%25A9s/l%25C3%25A9gumes,-pommes-de-terre,-herbes/herbes-aromatiques-et-sauces/id0/651.html">Herbes Aromatiques et sauces</a></li></ul></li><li><h3><a title="RR2020" rel="page-471" href="../../../id3/406/471.html">Glaces, Patisseries, Viennoiseries</a></h3><ul class="menu"><li><a href="../../../surgel%25C3%25A9s/glaces,-patisseries,-viennoiseries/glaces-individuelles/id0/657.html">Glaces Individuelles</a></li><li><a href="../../../surgel%25C3%25A9s/glaces,-patisseries,-viennoiseries/glaces-%25C3%25A0-partager/id0/653.html">Glaces à Partager</a></li><li><a href="../../../surgel%25C3%25A9s/glaces,-patisseries,-viennoiseries/p%25C3%25A2tisseries,-viennoiseries/id0/656.html">Pâtisseries, Viennoiseries</a></li><li><a href="../../../surgel%25C3%25A9s/glaces,-patisseries,-viennoiseries/accompagnements,-fruits/id0/655.html">Accompagnements, Fruits</a></li><li><a href="../../../surgel%25C3%25A9s/glaces,-patisseries,-viennoiseries/b%25C3%25BBches-de-f%25C3%25AAtes/id0/451162.html">Bûches de Fêtes</a></li></ul></li></ul><?xml version="1.0" encoding="UTF-8"?><a href="http://www.refonte.auchandirect.fr/rayon/511868"><img src="http://www.refonte.auchandirect.fr/static/S0213_surgeles.jpg" alt="La promo de la semaine au rayon surgel&eacute;s " title="La promo de la semaine au rayon surgel&eacute;s " width="150" height="275" /></a>    
<div class="clear"></div></div><div class="clear"></div></div></div></div></li><li><a title="RR1006" href="484.html#">Epicerie<br/>Salée</a><div class="hovered_big_menu" id="4132"><div class="menu-panel"><div class="menu-listes-container float-container"><div class="menu-listes"><ul class="menu menu-horizontal menu_left"><li><h3><a title="RR2025" rel="page-479" href="../../../id3/413/479.html">Conserves, Plats Cuisinés</a></h3><ul class="menu"><li><a href="../../../epicerie-sal%25C3%25A9e/conserves,-plats-cuisin%25C3%25A9s/conserves-de-l%25C3%25A9gumes/id0/674.html">Conserves de Légumes</a></li><li><a href="../../../epicerie-sal%25C3%25A9e/conserves,-plats-cuisin%25C3%25A9s/conserves-de-poissons/id0/676.html">Conserves de Poissons</a></li><li><a href="../../../epicerie-sal%25C3%25A9e/conserves,-plats-cuisin%25C3%25A9s/plats-cuisin%25C3%25A9s/id0/677.html">Plats Cuisinés</a></li><li><a href="../../../epicerie-sal%25C3%25A9e/conserves,-plats-cuisin%25C3%25A9s/terrines,-pat%25C3%25A9s/id0/679.html">Terrines, Patés</a></li></ul></li><li><h3><a title="RR2023" rel="page-480" href="../../../id3/413/480.html">Pâtes, Riz, Purées</a></h3><ul class="menu"><li><a href="../../../epicerie-sal%25C3%25A9e/p%25C3%25A2tes,-riz,-pur%25C3%25A9es/p%25C3%25A2tes/id0/681.html">Pâtes</a></li><li><a href="../../../epicerie-sal%25C3%25A9e/p%25C3%25A2tes,-riz,-pur%25C3%25A9es/riz/id0/680.html">Riz</a></li><li><a href="../../../epicerie-sal%25C3%25A9e/p%25C3%25A2tes,-riz,-pur%25C3%25A9es/sauces-pour-p%25C3%25A2tes-et-riz/id0/431966.html">Sauces pour Pâtes et Riz</a></li><li><a href="../../../epicerie-sal%25C3%25A9e/p%25C3%25A2tes,-riz,-pur%25C3%25A9es/bl%25C3%25A9s,-semoules,-l%25C3%25A9gumes-secs/id0/678.html">Blés, Semoules, Légumes secs</a></li><li><a href="../../../epicerie-sal%25C3%25A9e/p%25C3%25A2tes,-riz,-pur%25C3%25A9es/pur%25C3%25A9es/id0/682.html">Purées</a></li></ul></li><li><h3><a title="RR2022" rel="page-481" href="../../../id3/413/481.html">Potages et Soupes</a></h3><ul class="menu"><li><a href="../../../epicerie-sal%25C3%25A9e/potages-et-soupes/format-familial/id0/683.html">Format Familial</a></li><li><a href="../../../epicerie-sal%25C3%25A9e/potages-et-soupes/format-individuel/id0/686.html">Format individuel</a></li><li><a href="../../../epicerie-sal%25C3%25A9e/potages-et-soupes/de%25CC%2581shydrate%25CC%2581es,-instantane%25CC%2581es,-croutons/id0/685.html">Déshydratées, Instantanées, Croutons</a></li></ul></li><li><h3><a title="RR2024" rel="page-482" href="../../../id3/413/482.html">Sauces, Condiments</a></h3><ul class="menu"><li><a href="../../../epicerie-sal%25C3%25A9e/sauces,-condiments/huiles/id0/692.html">Huiles</a></li><li><a href="../../../epicerie-sal%25C3%25A9e/sauces,-condiments/vinaigres,-vinaigrettes/id0/694.html">Vinaigres, Vinaigrettes</a></li><li><a href="../../../epicerie-sal%25C3%25A9e/sauces,-condiments/sauces-chaudes/id0/689.html">Sauces Chaudes</a></li><li><a href="../../../epicerie-sal%25C3%25A9e/sauces,-condiments/moutarde,-mayonnaise,-ketchup/id0/691.html">Moutarde, Mayonnaise, Ketchup</a></li><li><a href="../../../epicerie-sal%25C3%25A9e/sauces,-condiments/olives,-cornichons/id0/688.html">Olives,  Cornichons</a></li><li><a href="../../../epicerie-sal%25C3%25A9e/sauces,-condiments/sel,-poivre,-epices,-herbes/id0/695.html">Sel, Poivre, Epices, Herbes</a></li><li><a href="../../../epicerie-sal%25C3%25A9e/sauces,-condiments/bouillons,-aides-culinaires/id0/687.html">Bouillons, Aides culinaires</a></li></ul></li><li><h3><a title="RR2021" rel="page-477" href="../../../id3/413/477.html">Produits salés apéritifs</a></h3><ul class="menu"><li><a href="../../../epicerie-sal%25C3%25A9e/produits-sal%25C3%25A9s-ap%25C3%25A9ritifs/chips,-tuiles/id0/675.html">Chips, Tuiles</a></li><li><a href="../../../epicerie-sal%25C3%25A9e/produits-sal%25C3%25A9s-ap%25C3%25A9ritifs/cacahu%25C3%25A8tes,-autres-graines/id0/673.html">Cacahuètes, Autres Graines</a></li><li><a href="../../../epicerie-sal%25C3%25A9e/produits-sal%25C3%25A9s-ap%25C3%25A9ritifs/biscuits-sal%25C3%25A9s,-souffl%25C3%25A9s/id0/668.html">Biscuits salés, Soufflés</a></li><li><a href="../../../epicerie-sal%25C3%25A9e/produits-sal%25C3%25A9s-ap%25C3%25A9ritifs/autres-produits-ap%25C3%25A9ritifs/id0/669.html">Autres Produits Apéritifs</a></li></ul></li><li><h3><a title="RR3363" rel="page-143464" href="../../../id3/413/143464.html">Produits Gourmets</a></h3><ul class="menu"><li><a href="../../../epicerie-sal%25C3%25A9e/produits-gourmets/epicerie-sal%25C3%25A9e/id0/143468.html">Epicerie Salée</a></li><li><a href="../../../epicerie-sal%25C3%25A9e/produits-gourmets/epicerie-sucr%25C3%25A9e/id0/143469.html">Epicerie Sucrée</a></li></ul></li></ul><?xml version="1.0" encoding="UTF-8"?><a href="http://www.refonte.auchandirect.fr/rayon/485262"><img src="http://www.refonte.auchandirect.fr/static/S0213epiceriesalee.png" alt="La promo de la semaine au rayon &eacute;picerie sal&eacute;e" title="La promo de la semaine au rayon &eacute;picerie sal&eacute;e" width="150" height="275" /></a>     
<div class="clear"></div></div><div class="clear"></div></div></div></div></li><li><a title="RR1007" href="484.html#">Petit-Déjeuner<br/>Epicerie Sucrée</a><div class="hovered_big_menu" id="4092"><div class="menu-panel"><div class="menu-listes-container float-container"><div class="menu-listes"><ul class="menu menu-horizontal menu_left"><li><h3><a title="RR2029" rel="page-484" href="../../../id3/409/484.html">Petit-déjeuner</a></h3><ul class="menu"><li><a href="../caf%25C3%25A9s,-chicor%25C3%25A9es,-chocolats/id0/710.html">Cafés, Chicorées, Chocolats</a></li><li><a href="../dosettes,-capsules/id0/431984.html">Dosettes, Capsules</a></li><li><a href="../th%25C3%25A9s,-infusions/id0/715.html">Thés, Infusions</a></li><li><a href="../c%25C3%25A9r%25C3%25A9ales/id0/709.html">Céréales</a></li><li><a href="../biscottes,-tartines/id0/708.html">Biscottes, Tartines</a></li><li><a href="../pains-et-viennoiseries/id0/716.html">Pains et Viennoiseries</a></li><li><a href="../confitures,-miels,-p%25C3%25A2tes-%25C3%25A0-tartiner/id0/712.html">Confitures, Miels, Pâtes à Tartiner</a></li><li><a href="../jus-de-fruits/id0/713.html">Jus de Fruits</a></li><li><a href="../laits/id0/714.html">Laits</a></li></ul></li><li><h3><a title="RR2026" rel="page-483" href="../../../id3/409/483.html">Biscuits, Goûters</a></h3><ul class="menu"><li><a href="../../biscuits,-go%25C3%25BBters/biscuits/id0/693.html">Biscuits</a></li><li><a href="../../biscuits,-go%25C3%25BBters/go%25C3%25BBters/id0/431989.html">Goûters </a></li><li><a href="../../biscuits,-go%25C3%25BBters/p%25C3%25A2tisseries/id0/696.html">Pâtisseries</a></li></ul></li><li><h3><a title="RR2027" rel="page-485" href="../../../id3/409/485.html">Chocolats, Confiseries</a></h3><ul class="menu"><li><a href="../../chocolats,-confiseries/tablettes-de-chocolat/id0/701.html">Tablettes de Chocolat</a></li><li><a href="../../chocolats,-confiseries/confiseries-chocolat%25C3%25A9es/id0/698.html">Confiseries Chocolatées</a></li><li><a href="../../chocolats,-confiseries/bonbons/id0/699.html">Bonbons</a></li><li><a href="../../chocolats,-confiseries/chewing-gum/id0/700.html">Chewing Gum</a></li><li><a href="../../chocolats,-confiseries/petite-confiserie/id0/702.html">Petite Confiserie</a></li></ul></li><li><h3><a title="RR2028" rel="page-486" href="../../../id3/409/486.html">Desserts, Ingrédients</a></h3><ul class="menu"><li><a href="../../desserts,-ingr%25C3%25A9dients/sucres,-farines,-levures/id0/706.html">Sucres, Farines, Levures</a></li><li><a href="../../desserts,-ingr%25C3%25A9dients/compotes,-cr%25C3%25A8mes/id0/704.html">Compotes, Crèmes</a></li><li><a href="../../desserts,-ingr%25C3%25A9dients/desserts-%25C3%25A0-pr%25C3%25A9parer/id0/703.html">Desserts à Préparer</a></li><li><a href="../../desserts,-ingr%25C3%25A9dients/fruits-au-sirop/id0/705.html">Fruits au Sirop</a></li><li><a href="../../desserts,-ingr%25C3%25A9dients/aides-%25C3%25A0-la-p%25C3%25A2tisserie/id0/707.html">Aides à la Pâtisserie</a></li></ul></li><li><h3><a title="Bien Etre, Forme" rel="page-431988" href="../../../id3/409/431988.html">Bien Etre, Forme</a></h3><ul class="menu"><li><a href="../../bien-etre,-forme/petit-d%25C3%25A9jeuner/id0/431990.html">Petit Déjeuner</a></li><li><a href="../../bien-etre,-forme/biscuits,-go%25C3%25BBters/id0/431991.html">Biscuits, Goûters</a></li><li><a href="../../bien-etre,-forme/compl%25C3%25A9ments-alimentaires/id0/431992.html">Compléments alimentaires</a></li><li><a href="../../bien-etre,-forme/sans-gluten/id0/431993.html">Sans gluten</a></li></ul></li></ul><?xml version="1.0" encoding="UTF-8"?><a href="http://www.refonte.auchandirect.fr/rayon/511864"><img src="http://www.refonte.auchandirect.fr/static/epiceriesucree.jpg" alt="Accordez-vous une pause sucr&eacute;e !" title="Accordez-vous une pause sucr&eacute;e !" width="150" height="275" /></a>    
<div class="clear"></div></div><div class="clear"></div></div></div></div></li><li><a title="RR1008" href="484.html#">Boissons</a><div class="hovered_big_menu" id="4112"><div class="menu-panel"><div class="menu-listes-container float-container"><div class="menu-listes"><ul class="menu menu-horizontal menu_left"><li><h3><a title="RR2030" rel="page-478" href="../../../id3/411/478.html">Eaux</a></h3><ul class="menu"><li><a href="../../../boissons/eaux/eaux-plates/id0/667.html">Eaux plates</a></li><li><a href="../../../boissons/eaux/eaux-gazeuses/id0/663.html">Eaux gazeuses</a></li><li><a href="../../../boissons/eaux/eaux-aromatis%25C3%25A9es/id0/666.html">Eaux aromatisées</a></li></ul></li><li><h3><a title="RR2031" rel="page-476" href="../../../id3/411/476.html">Jus, Softs</a></h3><ul class="menu"><li><a href="../../../boissons/jus,-softs/jus-de-fruits,-l%25C3%25A9gumes/id0/672.html">Jus de fruits, Légumes</a></li><li><a href="../../../boissons/jus,-softs/jus-de-fruits-frais/id0/433470.html">Jus de fruits frais</a></li><li><a href="../../../boissons/jus,-softs/colas,-boissons-gazeuses/id0/671.html">Colas, Boissons gazeuses</a></li><li><a href="../../../boissons/jus,-softs/boissons-aromatis%25C3%25A9es,-sirops/id0/670.html">Boissons aromatisées, Sirops</a></li><li><a href="../../../boissons/jus,-softs/energ%25C3%25A9tiques,-sports/id0/431982.html">Energétiques, Sports</a></li></ul></li><li><h3><a title="RR2058" rel="page-506" href="../../../id3/411/506.html">Vins et Champagnes</a></h3><ul class="menu"><li><a href="../../../boissons/vins-et-champagnes/vins-rouges/id0/822.html">Vins rouges</a></li><li><a href="../../../boissons/vins-et-champagnes/vins-blancs/id0/819.html">Vins blancs</a></li><li><a href="../../../boissons/vins-et-champagnes/vins-ros%25C3%25A9s/id0/821.html">Vins rosés</a></li><li><a href="../../../boissons/vins-et-champagnes/champagnes-et-vins-p%25C3%25A9tillants/id0/818.html">Champagnes et vins pétillants</a></li></ul></li><li><h3><a title="RR3373" rel="page-445712" href="../../../id3/411/445712.html">Produits Salés Apéritifs</a></h3><ul class="menu"><li><a href="../../../boissons/produits-sal%25C3%25A9s-ap%25C3%25A9ritifs/chips,-tuiles/id0/445713.html">Chips, Tuiles</a></li><li><a href="../../../boissons/produits-sal%25C3%25A9s-ap%25C3%25A9ritifs/cacahu%25C3%25A8tes,-autres-graines/id0/445714.html">Cacahuètes, Autres Graines</a></li><li><a href="../../../boissons/produits-sal%25C3%25A9s-ap%25C3%25A9ritifs/biscuits-sal%25C3%25A9s,-souffl%25C3%25A9s/id0/445715.html">Biscuits Salés, Soufflés</a></li><li><a href="../../../boissons/produits-sal%25C3%25A9s-ap%25C3%25A9ritifs/autres-produits-ap%25C3%25A9ritifs/id0/445716.html">Autres Produits Apéritifs</a></li></ul></li><li><h3><a title="RR2032" rel="page-475" href="../../../id3/411/475.html">Apéritifs, Digestifs</a></h3><ul class="menu"><li><a href="../../../boissons/ap%25C3%25A9ritifs,-digestifs/whiskies/id0/661.html">Whiskies</a></li><li><a href="../../../boissons/ap%25C3%25A9ritifs,-digestifs/ap%25C3%25A9ritifs,-anis%25C3%25A9s/id0/662.html">Apéritifs, Anisés</a></li><li><a href="../../../boissons/ap%25C3%25A9ritifs,-digestifs/digestifs/id0/658.html">Digestifs</a></li><li><a href="../../../boissons/ap%25C3%25A9ritifs,-digestifs/autres-alcools/id0/431962.html">Autres alcools</a></li><li><a href="../../../boissons/ap%25C3%25A9ritifs,-digestifs/sans-alcool/id0/431963.html">Sans alcool</a></li></ul></li><li><h3><a title="RR2033" rel="page-474" href="../../../id3/411/474.html">Bières, Cidres</a></h3><ul class="menu"><li><a href="../../../boissons/bi%25C3%25A8res,-cidres/bi%25C3%25A8res/id0/664.html">Bières</a></li><li><a href="../../../boissons/bi%25C3%25A8res,-cidres/cidres/id0/665.html">Cidres</a></li></ul></li></ul><?xml version="1.0" encoding="UTF-8"?><a href="http://www.refonte.auchandirect.fr/rayon/422512"><img src="http://www.refonte.auchandirect.fr/static/S0113_boissonscondi.jpg" alt="Pour vos boissons, pensez gros conditionnement !" title="Pour vos boissons, pensez gros conditionnement !" width="150" height="275" /></a>     
<div class="clear"></div></div><div class="clear"></div></div></div></div></li><li><a title="RR1012" href="484.html#">Bébé</a><div class="hovered_big_menu" id="4102"><div class="menu-panel"><div class="menu-listes-container float-container"><div class="menu-listes"><ul class="menu menu-horizontal menu_left"><li><h3><a title="RR2048" rel="page-490" href="../../../id3/410/490.html">Couches, Culottes</a></h3><ul class="menu"><li><a href="../../../b%25C3%25A9b%25C3%25A9/couches,-culottes/nouveau-n%25C3%25A9s/id0/718.html">Nouveau-nés</a></li><li><a href="../../../b%25C3%25A9b%25C3%25A9/couches,-culottes/3-9-kg/id0/721.html">3-9 kg</a></li><li><a href="../../../b%25C3%25A9b%25C3%25A9/couches,-culottes/7-20-kg/id0/717.html">7-20 kg</a></li><li><a href="../../../b%25C3%25A9b%25C3%25A9/couches,-culottes/11-35-kg/id0/719.html">11-35 kg</a></li><li><a href="../../../b%25C3%25A9b%25C3%25A9/couches,-culottes/culottes/id0/720.html">Culottes</a></li></ul></li><li><h3><a title="RR2047" rel="page-487" href="../../../id3/410/487.html">Laits bébé</a></h3><ul class="menu"><li><a href="../../../b%25C3%25A9b%25C3%25A9/laits-b%25C3%25A9b%25C3%25A9/croissance/id0/725.html">Croissance</a></li><li><a href="../../../b%25C3%25A9b%25C3%25A9/laits-b%25C3%25A9b%25C3%25A9/laits-1er-age/id0/722.html">Laits 1er Age</a></li><li><a href="../../../b%25C3%25A9b%25C3%25A9/laits-b%25C3%25A9b%25C3%25A9/laits-2%25C3%25A8me-age/id0/723.html">Laits 2ème Age</a></li><li><a href="../../../b%25C3%25A9b%25C3%25A9/laits-b%25C3%25A9b%25C3%25A9/laits-infantiles-bio/id0/724.html">Laits Infantiles Bio</a></li></ul></li><li><h3><a title="RR2046" rel="page-488" href="../../../id3/410/488.html">Alimentation bébé</a></h3><ul class="menu"><li><a href="../../../b%25C3%25A9b%25C3%25A9/alimentation-b%25C3%25A9b%25C3%25A9/petit-d%25C3%25A9jeuner/id0/727.html">Petit-déjeuner</a></li><li><a href="../../../b%25C3%25A9b%25C3%25A9/alimentation-b%25C3%25A9b%25C3%25A9/petits-pots,-assiettes/id0/729.html">Petits Pots, Assiettes</a></li><li><a href="../../../b%25C3%25A9b%25C3%25A9/alimentation-b%25C3%25A9b%25C3%25A9/go%25C3%25BBters,-desserts/id0/730.html">Goûters, Desserts</a></li><li><a href="../../../b%25C3%25A9b%25C3%25A9/alimentation-b%25C3%25A9b%25C3%25A9/boissons/id0/728.html">Boissons</a></li><li><a href="../../../b%25C3%25A9b%25C3%25A9/alimentation-b%25C3%25A9b%25C3%25A9/alimentation-b%25C3%25A9b%25C3%25A9-bio/id0/726.html">Alimentation Bébé Bio</a></li></ul></li><li><h3><a title="RR2049" rel="page-489" href="../../../id3/410/489.html">Toilette et Soin</a></h3><ul class="menu"><li><a href="../../../b%25C3%25A9b%25C3%25A9/toilette-et-soin/cotons,-lingettes/id0/731.html">Cotons, Lingettes</a></li><li><a href="../../../b%25C3%25A9b%25C3%25A9/toilette-et-soin/toilette/id0/732.html">Toilette</a></li><li><a href="../../../b%25C3%25A9b%25C3%25A9/toilette-et-soin/soins/id0/733.html">Soins</a></li><li><a href="../../../b%25C3%25A9b%25C3%25A9/toilette-et-soin/accessoires-de-pu%25C3%25A9riculture/id0/736.html">Accessoires de Puériculture</a></li><li><a href="../../../b%25C3%25A9b%25C3%25A9/toilette-et-soin/pour-la-maman/id0/734.html">Pour la Maman</a></li></ul></li></ul><?xml version="1.0" encoding="UTF-8"?><a href="http://www.refonte.auchandirect.fr/rayon/112962"><img src="http://www.refonte.auchandirect.fr/static/S0213bebe.jpg" alt="Auchan Baby r&eacute;gale les b&eacute;b&eacute;s" title="Auchan Baby r&eacute;gale les b&eacute;b&eacute;s" width="150" height="275" /></a>    
<div class="clear"></div></div><div class="clear"></div></div></div></div></li><li><a title="RR1001" href="484.html#">Bio<br/>Ecolo</a><div class="hovered_big_menu" id="4052"><div class="menu-panel"><div class="menu-listes-container float-container"><div class="menu-listes"><ul class="menu menu-horizontal menu_left"><li><h3><a title="RR2002" rel="page-456" href="../../../id3/405/456.html">Produits Frais et Surgelés Bio</a></h3><ul class="menu"><li><a href="../../../bio-ecolo/produits-frais-et-surgel%25C3%25A9s-bio/charcuterie,-traiteur/id0/575.html">Charcuterie,  Traiteur</a></li><li><a href="../../../bio-ecolo/produits-frais-et-surgel%25C3%25A9s-bio/fruits,-l%25C3%25A9gumes/id0/574.html">Fruits,  Légumes</a></li><li><a href="../../../bio-ecolo/produits-frais-et-surgel%25C3%25A9s-bio/laitages,-oeufs/id0/576.html">Laitages, Oeufs</a></li><li><a href="../../../bio-ecolo/produits-frais-et-surgel%25C3%25A9s-bio/surgel%25C3%25A9s/id0/577.html">Surgelés</a></li><li><a href="../../../bio-ecolo/produits-frais-et-surgel%25C3%25A9s-bio/viandes,-volailles,-poissons/id0/578.html">Viandes,  Volailles,  Poissons</a></li></ul></li><li><h3><a title="RR2003" rel="page-458" href="../../../id3/405/458.html">Epicerie Bio</a></h3><ul class="menu"><li><a href="../../../bio-ecolo/epicerie-bio/biscuits,-epicerie-sucr%25C3%25A9e/id0/567.html">Biscuits,  Epicerie Sucrée</a></li><li><a href="../../../bio-ecolo/epicerie-bio/petit-d%25C3%25A9jeuner/id0/573.html">Petit-déjeuner</a></li><li><a href="../../../bio-ecolo/epicerie-bio/conserves,-plats-cuisin%25C3%25A9s/id0/565.html">Conserves,  Plats Cuisinés</a></li><li><a href="../../../bio-ecolo/epicerie-bio/p%25C3%25A2tes,-riz,-c%25C3%25A9r%25C3%25A9ales/id0/570.html">Pâtes,  Riz,  Céréales</a></li><li><a href="../../../bio-ecolo/epicerie-bio/sauces,-condiments/id0/572.html">Sauces,  Condiments</a></li></ul></li><li><h3><a title="RR2004" rel="page-455" href="../../../id3/405/455.html">Boissons Bio</a></h3><ul class="menu"><li><a href="../../../bio-ecolo/boissons-bio/alcools/id0/554.html">Alcools</a></li><li><a href="../../../bio-ecolo/boissons-bio/jus-de-fruits,-l%25C3%25A9gumes/id0/557.html">Jus de Fruits,  Légumes</a></li><li><a href="../../../bio-ecolo/boissons-bio/lait,-soja,-riz/id0/563.html">Lait,  Soja, riz</a></li></ul></li><li><h3><a title="RR2001" rel="page-454" href="../../../id3/405/454.html">Bébé Bio</a></h3><ul class="menu"><li><a href="../../../bio-ecolo/b%25C3%25A9b%25C3%25A9-bio/alimentation-b%25C3%25A9b%25C3%25A9/id0/558.html">Alimentation Bébé</a></li><li><a href="../../../bio-ecolo/b%25C3%25A9b%25C3%25A9-bio/laits-b%25C3%25A9b%25C3%25A9/id0/556.html">Laits Bébé</a></li><li><a href="../../../bio-ecolo/b%25C3%25A9b%25C3%25A9-bio/toilette,-soins/id0/555.html">Toilette, Soins</a></li></ul></li><li><h3><a title="RR2005" rel="page-457" href="../../../id3/405/457.html">Entretien,  Hygiène Bio Ecolo</a></h3><ul class="menu"><li><a href="../../../bio-ecolo/entretien,-hygi%25C3%25A8ne-bio-ecolo/entretien/id0/559.html">Entretien</a></li><li><a href="../../../bio-ecolo/entretien,-hygi%25C3%25A8ne-bio-ecolo/soins-de-la-personne/id0/562.html">Soins de la Personne</a></li><li><a href="../../../bio-ecolo/entretien,-hygi%25C3%25A8ne-bio-ecolo/piles,-ampoules/id0/564.html">Piles, Ampoules</a></li></ul></li></ul><?xml version="1.0" encoding="UTF-8"?><a href="http://www.refonte.auchandirect.fr/rayon/82018"><img src="http://www.refonte.auchandirect.fr/static/150x275_bio.jpg" alt="" width="150" height="275" /></a>   
<div class="clear"></div></div><div class="clear"></div></div></div></div></li><li><a title="RR1010" href="484.html#">Hygiène<br/>Beauté</a><div class="hovered_big_menu" id="4122"><div class="menu-panel"><div class="menu-listes-container float-container"><div class="menu-listes"><ul class="menu menu-horizontal menu_left"><li><h3><a title="RR2038" rel="page-492" href="../../../id3/412/492.html">Corps</a></h3><ul class="menu"><li><a href="../../../hygi%25C3%25A8ne-beaut%25C3%25A9/corps/douche,-bain/id0/746.html">Douche, Bain</a></li><li><a href="../../../hygi%25C3%25A8ne-beaut%25C3%25A9/corps/savons/id0/748.html">Savons</a></li><li><a href="../../../hygi%25C3%25A8ne-beaut%25C3%25A9/corps/d%25C3%25A9odorants/id0/744.html">Déodorants</a></li><li><a href="../../../hygi%25C3%25A8ne-beaut%25C3%25A9/corps/cr%25C3%25A8mes,-soins-du-corps/id0/745.html">Crèmes, Soins du Corps</a></li><li><a href="../../../hygi%25C3%25A8ne-beaut%25C3%25A9/corps/soins-mains,-pieds/id0/751.html">Soins Mains, Pieds</a></li><li><a href="../../../hygi%25C3%25A8ne-beaut%25C3%25A9/corps/epilation-f%25C3%25A9minine/id0/750.html">Epilation Féminine</a></li><li><a href="../../../hygi%25C3%25A8ne-beaut%25C3%25A9/corps/hygi%25C3%25A8ne-intime/id0/749.html">Hygiène intime</a></li><li><a href="../../../hygi%25C3%25A8ne-beaut%25C3%25A9/corps/solaires/id0/754.html">Solaires</a></li></ul></li><li><h3><a title="RR2037" rel="page-491" href="../../../id3/412/491.html">Cheveux</a></h3><ul class="menu"><li><a href="../../../hygi%25C3%25A8ne-beaut%25C3%25A9/cheveux/shampooings/id0/743.html">Shampooings</a></li><li><a href="../../../hygi%25C3%25A8ne-beaut%25C3%25A9/cheveux/apr%25C3%25A8s-shampooings/id0/738.html">Après shampooings</a></li><li><a href="../../../hygi%25C3%25A8ne-beaut%25C3%25A9/cheveux/masques,-soins-capillaires/id0/741.html">Masques, Soins Capillaires</a></li><li><a href="../../../hygi%25C3%25A8ne-beaut%25C3%25A9/cheveux/coiffants/id0/740.html">Coiffants</a></li></ul></li><li><h3><a title="RR2036" rel="page-493" href="../../../id3/412/493.html">Visage</a></h3><ul class="menu"><li><a href="../../../hygi%25C3%25A8ne-beaut%25C3%25A9/visage/cotons,-lingettes/id0/761.html">Cotons, Lingettes</a></li><li><a href="../../../hygi%25C3%25A8ne-beaut%25C3%25A9/visage/toilette-du-visage/id0/766.html">Toilette du Visage</a></li><li><a href="../../../hygi%25C3%25A8ne-beaut%25C3%25A9/visage/soins-dentaires/id0/764.html">Soins Dentaires</a></li><li><a href="../../../hygi%25C3%25A8ne-beaut%25C3%25A9/visage/soins-du-visage/id0/767.html">Soins du Visage</a></li><li><a href="../../../hygi%25C3%25A8ne-beaut%25C3%25A9/visage/maquillage/id0/765.html">Maquillage</a></li></ul></li><li><h3><a title="Hommes" rel="page-433468" href="../../../id3/412/433468.html">Hommes</a></h3><ul class="menu"><li><a href="../../../hygi%25C3%25A8ne-beaut%25C3%25A9/hommes/rasage,-soins-hommes/id0/763.html">Rasage, Soins Hommes</a></li><li><a href="../../../hygi%25C3%25A8ne-beaut%25C3%25A9/hommes/cheveux/id0/739.html">Cheveux</a></li><li><a href="../../../hygi%25C3%25A8ne-beaut%25C3%25A9/hommes/douche,-bain/id0/747.html">Douche, Bain</a></li><li><a href="../../../hygi%25C3%25A8ne-beaut%25C3%25A9/hommes/d%25C3%25A9odorants/id0/1707.html">Déodorants</a></li></ul></li><li><h3><a title="RR2040" rel="page-494" href="../../../id3/412/494.html">Papier, Parapharmacie</a></h3><ul class="menu"><li><a href="../../../hygi%25C3%25A8ne-beaut%25C3%25A9/papier,-parapharmacie/papiers-toilette/id0/753.html">Papiers toilette</a></li><li><a href="../../../hygi%25C3%25A8ne-beaut%25C3%25A9/papier,-parapharmacie/essuie-tout/id0/752.html">Essuie-tout</a></li><li><a href="../../../hygi%25C3%25A8ne-beaut%25C3%25A9/papier,-parapharmacie/mouchoirs/id0/756.html">Mouchoirs</a></li><li><a href="../../../hygi%25C3%25A8ne-beaut%25C3%25A9/papier,-parapharmacie/parapharmacie/id0/495.html">Parapharmacie</a></li><li><a href="../../../hygi%25C3%25A8ne-beaut%25C3%25A9/papier,-parapharmacie/solaires/id0/759.html">Solaires</a></li></ul></li></ul><?xml version="1.0" encoding="UTF-8"?><a href="../../../detailProduit/-1/LV0000002179.html"><img src="http://www.refonte.auchandirect.fr/static/S0113_hygiene.jpg" alt="La promo de la semaine au rayon hygiene beaut&eacute;" title="La promo de la semaine au rayon hygiene beaut&eacute;" width="150" height="275" /></a>    
<div class="clear"></div></div><div class="clear"></div></div></div></div></li><li><a title="RR1011" href="484.html#">Entretien</a><div class="hovered_big_menu" id="4142"><div class="menu-panel"><div class="menu-listes-container float-container"><div class="menu-listes"><ul class="menu menu-horizontal menu_left"><li><h3><a title="RR2045" rel="page-499" href="../../../id3/414/499.html">Papiers</a></h3><ul class="menu"><li><a href="../../../entretien/papiers/essuies-tout/id0/775.html">Essuies tout</a></li><li><a href="../../../entretien/papiers/mouchoirs/id0/774.html">Mouchoirs</a></li><li><a href="../../../entretien/papiers/papiers-toilette/id0/776.html">Papiers toilette</a></li></ul></li><li><h3><a title="RR2041" rel="page-500" href="../../../id3/414/500.html">Soin du Linge</a></h3><ul class="menu"><li><a href="../../../entretien/soin-du-linge/lessives/id0/792.html">Lessives</a></li><li><a href="../../../entretien/soin-du-linge/assouplissants/id0/790.html">Assouplissants</a></li><li><a href="../../../entretien/soin-du-linge/aides-au-lavage/id0/788.html">Aides au Lavage</a></li></ul></li><li><h3><a title="RR2043" rel="page-497" href="../../../id3/414/497.html">Produits ménagers</a></h3><ul class="menu"><li><a href="../../../entretien/produits-m%25C3%25A9nagers/cuisine,-salle-de-bain,-javel/id0/778.html">Cuisine, Salle de bain, Javel</a></li><li><a href="../../../entretien/produits-m%25C3%25A9nagers/multi-usages/id0/784.html">Multi-usages</a></li><li><a href="../../../entretien/produits-m%25C3%25A9nagers/lingettes-nettoyantes/id0/780.html">Lingettes Nettoyantes</a></li><li><a href="../../../entretien/produits-m%25C3%25A9nagers/sols/id0/785.html">Sols</a></li><li><a href="../../../entretien/produits-m%25C3%25A9nagers/vitres,-meubles/id0/787.html">Vitres, Meubles</a></li><li><a href="../../../entretien/produits-m%25C3%25A9nagers/wc,-d%25C3%25A9boucheurs/id0/789.html">WC, Déboucheurs</a></li><li><a href="../../../entretien/produits-m%25C3%25A9nagers/produits-ecolo/id0/786.html">Produits Ecolo</a></li></ul></li><li><h3><a title="RR2042" rel="page-496" href="../../../id3/414/496.html">Vaisselle</a></h3><ul class="menu"><li><a href="../../../entretien/vaisselle/lavage-en-machine/id0/793.html">Lavage en Machine</a></li><li><a href="../../../entretien/vaisselle/liquides-vaisselle/id0/795.html">Liquides Vaisselle</a></li><li><a href="../../../entretien/vaisselle/gants,-eponges/id0/794.html">Gants, Eponges</a></li></ul></li><li><h3><a title="RR2044" rel="page-498" href="../../../id3/414/498.html">Cuisine</a></h3><ul class="menu"><li><a href="../../../entretien/cuisine/sacs-poubelle/id0/773.html">Sacs Poubelle</a></li><li><a href="../../../entretien/cuisine/aides-%25C3%25A0-la-conservation,-cuisson/id0/768.html">Aides à la Conservation, Cuisson</a></li><li><a href="../../../entretien/cuisine/bo%25C3%25AEtes-herm%25C3%25A9tiques,-vaisselle-jetable/id0/770.html">Boîtes Hermétiques, Vaisselle Jetable</a></li><li><a href="../../../entretien/cuisine/ustensiles-de-cuisine,-filtres-%25C3%25A0-caf%25C3%25A9/id0/769.html">Ustensiles de cuisine, Filtres à café</a></li><li><a href="../../../entretien/cuisine/gants,-eponges/id0/772.html">Gants, Eponges</a></li></ul></li></ul><?xml version="1.0" encoding="UTF-8"?><a href="http://www.refonte.auchandirect.fr/rayon/511866"><img src="http://www.refonte.auchandirect.fr/static/S0113_entretien.jpg" alt="Tout pour la maison" title="Tout pour la maison" width="150" height="275" /></a>    
<div class="clear"></div></div><div class="clear"></div></div></div></div></li><li><a title="RR1013" href="484.html#">Animaux<br/>Maison</a><div class="hovered_big_menu" id="4152"><div class="menu-panel"><div class="menu-listes-container float-container"><div class="menu-listes"><ul class="menu menu-horizontal menu_left"><li><h3><a title="RR2051" rel="page-501" href="../../../id3/415/501.html">Animaux</a></h3><ul class="menu"><li><a href="../../../animaux-maison/animaux/chats/id0/797.html">Chats</a></li><li><a href="../../../animaux-maison/animaux/chiens/id0/798.html">Chiens</a></li><li><a href="../../../animaux-maison/animaux/rongeurs---autres-animaux/id0/796.html">Rongeurs - Autres animaux</a></li></ul></li><li><h3><a title="RR2054" rel="page-503" href="../../../id3/415/503.html">Droguerie</a></h3><ul class="menu"><li><a href="../../../animaux-maison/droguerie/d%25C3%25A9sodorisants/id0/802.html">Désodorisants</a></li><li><a href="../../../animaux-maison/droguerie/bougies,-allumettes/id0/799.html">Bougies, Allumettes</a></li><li><a href="../../../animaux-maison/droguerie/insecticides/id0/803.html">Insecticides</a></li><li><a href="../../../animaux-maison/droguerie/cirages/id0/801.html">Cirages</a></li></ul></li><li><h3><a title="RR2055" rel="page-505" href="../../../id3/415/505.html">Maison pratique</a></h3><ul class="menu"><li><a href="../../../animaux-maison/maison-pratique/accessoires-cuisine/id0/804.html">Accessoires Cuisine</a></li><li><a href="../../../animaux-maison/maison-pratique/ampoules,-piles/id0/806.html">Ampoules, Piles</a></li><li><a href="../../../animaux-maison/maison-pratique/allumettes/id0/808.html">Allumettes</a></li><li><a href="../../../animaux-maison/maison-pratique/divers/id0/805.html">Divers</a></li></ul></li><li><h3><a title="RR2056" rel="page-504" href="../../../id3/415/504.html">Papeterie</a></h3><ul class="menu"><li><a href="../../../animaux-maison/papeterie/ecriture/id0/813.html">Ecriture</a></li><li><a href="../../../animaux-maison/papeterie/papiers,-cahiers/id0/812.html">Papiers, Cahiers</a></li><li><a href="../../../animaux-maison/papeterie/cartouches-imprimantes/id0/809.html">Cartouches imprimantes</a></li></ul></li><li><h3><a title="RR2052" rel="page-502" href="../../../id3/415/502.html">Textile</a></h3><ul class="menu"><li><a href="../../../animaux-maison/textile/collants,-leggings/id0/815.html">Collants, Leggings</a></li><li><a href="../../../animaux-maison/textile/bas,-mi-bas/id0/814.html">Bas, Mi-bas</a></li></ul></li></ul><?xml version="1.0" encoding="UTF-8"?><a href="../../../animaux-maison/animaux/liti%25C3%25A8re-compacte-hyper-absorbante/id1/501/23329.html"><img src="http://www.refonte.auchandirect.fr/static/S0113_animaux.jpg" alt="La promo des animaux" title="La promo des animaux" width="150" height="275" /></a>    
<div class="clear"></div></div><div class="clear"></div></div></div></div></li><li><a title="titre Boutiques" rel="page-boutiques" href="484.html#">Boutiques</a><div class="hovered_big_menu" id="4152"><div class="menu-panel"><div class="menu-listes-container float-container"><?xml version="1.0" encoding="UTF-8"?><div class="boutique-cont" style="background: none repeat scroll 0% 0% #ffffff; border-radius: 8px 8px 8px 8px; padding: 5px">
<div class="promo-moment" style="width: 590px; margin: 0px 0px 10px; float: left">
<h1>&Agrave; ne pas rater en ce moment</h1>
<ul>
	<li style="padding: 0px 12px; margin: 17px 0px">	
	<a style="background: none repeat scroll 0% 0% transparent ! important; border-left: medium none ! important; margin: 0px ! important; height: auto" href="http://www.refonte.auchandirect.fr/rayon/510514"><img src="http://www.refonte.auchandirect.fr/static/produitsfestifs.jpg" alt="Destockage!" /></a>	
	<h2>Destockage sur les produits festifs !</h2>	
	<p>
	Jusqu'&agrave; -50% vous attendent sur une selection de produits festifs...	
	</p>
	<a href="http://www.refonte.auchandirect.fr/rayon/510514">&gt;&gt; Voir les offres</a>	</li>	
	<li style="padding: 0px 12px; margin: 17px 0px"><a style="background: none repeat scroll 0% 0% transparent ! important; border-left: medium none ! important; margin: 0px ! important; height: auto" href="../../../rayon.customerinfos.minibasket.validatebasket%3Ft:ac=promos.html"><img src="http://www.refonte.auchandirect.fr/static/promos2013.gif" alt="Bonne Ann&eacute;e!" /> 	</a>	
	<h2>Bonne Ann&eacute;e !</h2>	
	<p>
	Retrouvez les premi&egrave;res promotions de l'ann&eacute;e...	
	</p>
	<a href="../../../rayon.customerinfos.minibasket.validatebasket%3Ft:ac=promos.html">&gt;&gt; Voir les offres</a>	</li>
</ul>
</div>
<div class="produits-a-decouvrir" style="float: right; margin: 0px 0px 10px">
<h2 style="color: #ffffff; background: none repeat scroll 0% 0% #ff7f1e; border-radius: 6px 6px 0px 0px">Je ma&icirc;trise mon budget</h2>
<ul>
	<li class="first-bord" style="float: left; border-top: 1px solid #ff7f1e ! important; padding-left: 9px">	<a style="background: none repeat scroll 0% 0% transparent ! important; border-left: medium none ! important; padding: 0px; margin: 0px ! important; float: left" href="http://www.refonte.auchandirect.fr/rayon/471412"><img src="http://www.refonte.auchandirect.fr/static/produitsauchan2.gif" alt="Produits Auchan" /></a>  	
	<div class="infos">
	<h3 style="font-size: 1.2em">Produits Auchan</h3>	
	<p style="font-size: 12px">
	Retrouvez une s&eacute;lection de pr&egrave;s de 100 produits Auchan du quotidien &agrave; petit prix	
	</p>
	<a style="border: medium none ! important; padding-left: 0px ! important" href="http://www.refonte.auchandirect.fr/rayon/471412">&gt;&gt; 	Parcourir</a>	
	</div>
	</li>	
	<li style="float: left; padding-left: 9px">	
	<a style="background: none repeat scroll 0% 0% transparent ! important; border-left: medium none ! important; padding: 0px; margin: 0px ! important; float: left" href="http://www.refonte.auchandirect.fr/rayon/82018"><img src="http://www.refonte.auchandirect.fr/static/bio1euro.gif" alt="Bioa1euro" /></a>
	<div class="infos">
	<h3 style="font-size: 1.2em">Le bio &agrave; moins d' 1 euro</h3>
	<p style="font-size: 12px">
	Restez bio toute l'ann&eacute;e sans vous ruiner !<a style="border: medium none ! important; padding-left: 0px ! important" href="http://www.refonte.auchandirect.fr/rayon/82018">&gt;&gt; D&eacute;couvrir</a>	
	</p>
	</div>
	</li>	
	<li style="float: left; padding-left: 9px">	<a style="background: none repeat scroll 0% 0% transparent ! important; border-left: medium none ! important; padding: 0px; margin: 0px ! important; float: left"><img src="http://www.refonte.auchandirect.fr/static/riketrok.gif" alt="Rik et Rok" /></a>	
	<div class="infos">
	<h3 style="font-size: 1.2em">Rik&amp;Rok</h3>	
	<p style="font-size: 12px">
	La gamme ludique et savoureuse pour le plus grand bonheur de vos enfants !	
	</p>
	<a style="border: medium none ! important; padding-left: 0px ! important" href="http://www.refonte.auchandirect.fr/rayon/562314">&gt;&gt; D&eacute;couvrir</a>	
	</div>
	</li>
</ul>
</div>
<div class="promo-bottom" style="margin: 0px ! important; overflow: hidden">
<a style="background: none repeat scroll 0% 0% transparent ! important; border-left: medium none ! important; padding: 0px; margin: 0px ! important; float: left" href="http://auchandirect.photobox.fr/content/private-sales?cid=banvpi012013"><img src="http://www.refonte.auchandirect.fr/static/photobox.jpg" alt="Auchan direct photo" /></a>
<h1 style="width: 440px">Jusqu'au 13 Janvier minuit retrouvez nos offres priv&eacute;es :<span> jusqu'&agrave; -70% !</span></h1>
<a style="border: medium none ! important" href="http://auchandirect.photobox.fr/content/private-sales?cid=banvpi012013" class="btn-offre">J'y vais !</a>
</div>
</div>
</div></div></div></li></ul></div><div><script language="javascript">
var tc_vars = new Array();
/* Partie Environnement */
tc_vars["env_template"]="Sous Rayon";
tc_vars["env_work"]="prod";
tc_vars["env_channel"]="web";
tc_vars["env_language"]="français";
tc_vars["env_country"]="France";
tc_vars["env_dnt"]="disabled";
/* Partie Users */
tc_vars["user_rcw"]="";
tc_vars["user_id"]="";
tc_vars["user_gender"]="";
tc_vars["user_category"]="";
tc_vars["user_recency"]="";
tc_vars["user_frequency"]="";
tc_vars["user_amount"]="";
tc_vars["user_smb"]="";
tc_vars["user_logged"]="0";
tc_vars["user_age"]="";
tc_vars["user_scoring"]="000";
tc_vars["user_store"]="Morangis";
tc_vars["user_postalcode"]="91420";
/* Partie Tree structure */
tc_vars["page_cat1"]="";
tc_vars["page_cat2"]="";
tc_vars["page_cat3"]="";
tc_vars["page_name"]="Courses en ligne, livraison à domicile en 24h - Auchandirect.fr";
tc_vars["page_error"]="";
/* Partie Panier */
tc_vars["order_id"]="";
tc_vars["basket_id"]="0";
tc_vars["order_amount_ati_without_sf"]="";
tc_vars["order_amount_ati_with_sf"]="";
tc_vars["order_discount_ati"]="";
tc_vars["order_ship_ati"]="";
tc_vars["order_amount_tf_without_sf"]="";
tc_vars["order_amount_tf_with_sf"]="";
tc_vars["order_discount_tf"]="";
tc_vars["order_ship_tf"]="";
tc_vars["order_newcustomer"]="";
tc_vars["order_tax"]="";
tc_vars["order_payment_methods"]="";
tc_vars["order_shipping_method"]="LAD";
tc_vars["order_status"]="";
tc_vars["order_promo_codes"]="";
tc_vars["order_currency"]="";
tc_vars["order_email"]="";
tc_vars["order_email_optin"]="";
tc_vars["order_products_number"]="0";

tc_vars["order_products"] = new Array();

/* Partie Produit */
tc_vars["product_id"]="";
tc_vars["product_id_cug"]="";
tc_vars["product_id_upsell1"]="";
tc_vars["product_id_upsell2"]="";
tc_vars["product_id_upsell3"]="";
tc_vars["product_id_crossell1"]="";
tc_vars["product_id_crossell2"]="";
tc_vars["product_id_crossell3"]="";
tc_vars["product_name"]="";
tc_vars["product_unitprice_ati"]="";
tc_vars["product_unitprice_tf"]="";
tc_vars["product_currency"]="";
tc_vars["product_trademark"]="";
tc_vars["product_url_page"]="";
tc_vars["product_url_picture"]="";
tc_vars["product_isbundle"]="";
tc_vars["product_breadcrumb_id"]="";
tc_vars["product_breadcrumb_label"]="";
tc_vars["product_rating"]="";
tc_vars["product_instock"]="";
/* Partie Liste Produit */
tc_vars["list_products"] = new Array();

tc_vars["list_products"][0] = new Array();
tc_vars["list_products"][0]["list_product_id"]="51849";
tc_vars["list_products"][0]["list_product_id_cug"]="49921";
tc_vars["list_products"][0]["list_product_id_upsell1"]="";
tc_vars["list_products"][0]["list_product_id_upsell2"]="";
tc_vars["list_products"][0]["list_product_id_upsell3"]="";
tc_vars["list_products"][0]["list_product_id_crossell1"]="";
tc_vars["list_products"][0]["list_product_id_crossell2"]="";
tc_vars["list_products"][0]["list_product_id_crossell3"]="";
tc_vars["list_products"][0]["list_product_name"]="Thé vrac petit-déjeuner";
tc_vars["list_products"][0]["list_product_unitprice_ati"]="5.34€";
tc_vars["list_products"][0]["list_product_discount_ati"]="0.00€";
tc_vars["list_products"][0]["list_product_unitprice_tf"]="5.34€";
tc_vars["list_products"][0]["list_product_currency"]="EUR";
tc_vars["list_products"][0]["list_product_trademark"]="ALBERT MENES";
tc_vars["list_products"][0]["list_product_url_page"]="http://www.refonte.auchandirect.fr/detailproduit/484/49921";
tc_vars["list_products"][0]["list_product_url_picture"]="http://www.refonte.auchandirect.fr/static/images/products/detail/49921.jpg";
tc_vars["list_products"][0]["list_product_isbundle"]="N";
tc_vars["list_products"][0]["list_product_breadcrumb_id"]="484";
tc_vars["list_products"][0]["list_product_breadcrumb_label"]="Petit-déjeuner";
tc_vars["list_products"][0]["list_product_rating"]="";
tc_vars["list_products"][0]["list_product_instock"]="N";
tc_vars["list_products"][0]["list_product_totalprice_tf"]="5.34€"
tc_vars["list_products"][0]["list_product_trademark"]="ALBERT MENES"

tc_vars["list_products"][1] = new Array();
tc_vars["list_products"][1]["list_product_id"]="51845";
tc_vars["list_products"][1]["list_product_id_cug"]="49916";
tc_vars["list_products"][1]["list_product_id_upsell1"]="";
tc_vars["list_products"][1]["list_product_id_upsell2"]="";
tc_vars["list_products"][1]["list_product_id_upsell3"]="";
tc_vars["list_products"][1]["list_product_id_crossell1"]="";
tc_vars["list_products"][1]["list_product_id_crossell2"]="";
tc_vars["list_products"][1]["list_product_id_crossell3"]="";
tc_vars["list_products"][1]["list_product_name"]="Thé de chine";
tc_vars["list_products"][1]["list_product_unitprice_ati"]="5.48€";
tc_vars["list_products"][1]["list_product_discount_ati"]="0.00€";
tc_vars["list_products"][1]["list_product_unitprice_tf"]="5.48€";
tc_vars["list_products"][1]["list_product_currency"]="EUR";
tc_vars["list_products"][1]["list_product_trademark"]="ALBERT MENES";
tc_vars["list_products"][1]["list_product_url_page"]="http://www.refonte.auchandirect.fr/detailproduit/484/49916";
tc_vars["list_products"][1]["list_product_url_picture"]="http://www.refonte.auchandirect.fr/static/images/products/detail/49916.jpg";
tc_vars["list_products"][1]["list_product_isbundle"]="N";
tc_vars["list_products"][1]["list_product_breadcrumb_id"]="484";
tc_vars["list_products"][1]["list_product_breadcrumb_label"]="Petit-déjeuner";
tc_vars["list_products"][1]["list_product_rating"]="";
tc_vars["list_products"][1]["list_product_instock"]="Y";
tc_vars["list_products"][1]["list_product_totalprice_tf"]="5.48€"
tc_vars["list_products"][1]["list_product_trademark"]="ALBERT MENES"

tc_vars["list_products"][2] = new Array();
tc_vars["list_products"][2]["list_product_id"]="51837";
tc_vars["list_products"][2]["list_product_id_cug"]="49915";
tc_vars["list_products"][2]["list_product_id_upsell1"]="";
tc_vars["list_products"][2]["list_product_id_upsell2"]="";
tc_vars["list_products"][2]["list_product_id_upsell3"]="";
tc_vars["list_products"][2]["list_product_id_crossell1"]="";
tc_vars["list_products"][2]["list_product_id_crossell2"]="";
tc_vars["list_products"][2]["list_product_id_crossell3"]="";
tc_vars["list_products"][2]["list_product_name"]="Thé noir grandes feuilles";
tc_vars["list_products"][2]["list_product_unitprice_ati"]="5.34€";
tc_vars["list_products"][2]["list_product_discount_ati"]="0.00€";
tc_vars["list_products"][2]["list_product_unitprice_tf"]="5.34€";
tc_vars["list_products"][2]["list_product_currency"]="EUR";
tc_vars["list_products"][2]["list_product_trademark"]="ALBERT MENES";
tc_vars["list_products"][2]["list_product_url_page"]="http://www.refonte.auchandirect.fr/detailproduit/484/49915";
tc_vars["list_products"][2]["list_product_url_picture"]="http://www.refonte.auchandirect.fr/static/images/products/detail/49915.jpg";
tc_vars["list_products"][2]["list_product_isbundle"]="N";
tc_vars["list_products"][2]["list_product_breadcrumb_id"]="484";
tc_vars["list_products"][2]["list_product_breadcrumb_label"]="Petit-déjeuner";
tc_vars["list_products"][2]["list_product_rating"]="";
tc_vars["list_products"][2]["list_product_instock"]="Y";
tc_vars["list_products"][2]["list_product_totalprice_tf"]="5.34€"
tc_vars["list_products"][2]["list_product_trademark"]="ALBERT MENES"

tc_vars["list_products"][3] = new Array();
tc_vars["list_products"][3]["list_product_id"]="51847";
tc_vars["list_products"][3]["list_product_id_cug"]="49920";
tc_vars["list_products"][3]["list_product_id_upsell1"]="";
tc_vars["list_products"][3]["list_product_id_upsell2"]="";
tc_vars["list_products"][3]["list_product_id_upsell3"]="";
tc_vars["list_products"][3]["list_product_id_crossell1"]="";
tc_vars["list_products"][3]["list_product_id_crossell2"]="";
tc_vars["list_products"][3]["list_product_id_crossell3"]="";
tc_vars["list_products"][3]["list_product_name"]="Thé noir bergamote";
tc_vars["list_products"][3]["list_product_unitprice_ati"]="5.48€";
tc_vars["list_products"][3]["list_product_discount_ati"]="0.00€";
tc_vars["list_products"][3]["list_product_unitprice_tf"]="5.48€";
tc_vars["list_products"][3]["list_product_currency"]="EUR";
tc_vars["list_products"][3]["list_product_trademark"]="ALBERT MENES";
tc_vars["list_products"][3]["list_product_url_page"]="http://www.refonte.auchandirect.fr/detailproduit/484/49920";
tc_vars["list_products"][3]["list_product_url_picture"]="http://www.refonte.auchandirect.fr/static/images/products/detail/49920.jpg";
tc_vars["list_products"][3]["list_product_isbundle"]="N";
tc_vars["list_products"][3]["list_product_breadcrumb_id"]="484";
tc_vars["list_products"][3]["list_product_breadcrumb_label"]="Petit-déjeuner";
tc_vars["list_products"][3]["list_product_rating"]="";
tc_vars["list_products"][3]["list_product_instock"]="Y";
tc_vars["list_products"][3]["list_product_totalprice_tf"]="5.48€"
tc_vars["list_products"][3]["list_product_trademark"]="ALBERT MENES"

tc_vars["list_products"][4] = new Array();
tc_vars["list_products"][4]["list_product_id"]="51846";
tc_vars["list_products"][4]["list_product_id_cug"]="49927";
tc_vars["list_products"][4]["list_product_id_upsell1"]="";
tc_vars["list_products"][4]["list_product_id_upsell2"]="";
tc_vars["list_products"][4]["list_product_id_upsell3"]="";
tc_vars["list_products"][4]["list_product_id_crossell1"]="";
tc_vars["list_products"][4]["list_product_id_crossell2"]="";
tc_vars["list_products"][4]["list_product_id_crossell3"]="";
tc_vars["list_products"][4]["list_product_name"]="Pain azyme";
tc_vars["list_products"][4]["list_product_unitprice_ati"]="2.98€";
tc_vars["list_products"][4]["list_product_discount_ati"]="0.00€";
tc_vars["list_products"][4]["list_product_unitprice_tf"]="2.98€";
tc_vars["list_products"][4]["list_product_currency"]="EUR";
tc_vars["list_products"][4]["list_product_trademark"]="ALBERT MENES";
tc_vars["list_products"][4]["list_product_url_page"]="http://www.refonte.auchandirect.fr/detailproduit/484/49927";
tc_vars["list_products"][4]["list_product_url_picture"]="http://www.refonte.auchandirect.fr/static/images/products/detail/49927.jpg";
tc_vars["list_products"][4]["list_product_isbundle"]="N";
tc_vars["list_products"][4]["list_product_breadcrumb_id"]="484";
tc_vars["list_products"][4]["list_product_breadcrumb_label"]="Petit-déjeuner";
tc_vars["list_products"][4]["list_product_rating"]="";
tc_vars["list_products"][4]["list_product_instock"]="N";
tc_vars["list_products"][4]["list_product_totalprice_tf"]="2.98€"
tc_vars["list_products"][4]["list_product_trademark"]="ALBERT MENES"

/* Partie Recherche */
tc_vars["search_keywords"]="";
tc_vars["search_page_number"]="";
tc_vars["search_results_number"]="";
tc_vars["search_filters"]="";
</script><script src="http://www.refonte.auchandirect.fr/static/scripts/tc_AuchanDirect_1.js" type="text/javascript"></script><NOSCRIPT><IFRAME height="1" width="1" src="http://redirect234.tagcommander.com/utils/noscript.php?id=1&amp;mode=iframe"></IFRAME></NOSCRIPT></div><div class="float-container" id="content"><div class="top-content float-container"><div class="main-content"><div class="float-container" id="breadcrumb"><div id="breadcrumb-container"><form onsubmit="javascript:Tapestry.waitForPage(event);" action="http://www.refonte.auchandirect.fr/rayon.breadcrumbcategory.breadselectform" method="post" id="breadSelectForm" name="breadSelectForm"><div class="t-invisible"><input value="484" name="t:ac" type="hidden"></input><input value="H4sIAAAAAAAAAFvzloG1XJ5BNiixMj/PKqkoNTEluag0Nyk5sSQ1Pb+oUi8nP7+guIhBL78oXS+xIDE5I1WvJLEgtbikqNJULzm/KDUnMwlI5xbk56XmlRTr+QDVq5jq+p+8pslQfZKJgaGigPrmG0Y+Wfs5bfvlhUSb70eS+UFAeaBUcAnQFLei/NxgEC/FOScTqCQsMac0VXf6oSsdDAp/mRgYfRi4kxESJQxCPlmJZYn6OYl56frBJUWZeenWFQUlDG5AO/QSS/KLy/OLclJyMvNS9Yoy9RJLkzMS8/RSMotSk0v00ory80r0UhJLEvWcQD5xBvkkJD87Nc/B1MLUMtE4MY36YWnyqSBN011stT2N4srMQOCDRdySHluw+QD9FxhicAIAAA==" name="t:formdata" type="hidden"></input></div><p class="menu-horizontal"><a href="../../../loadswitcher.html">Accueil</a> &gt;
</p><input style="display:none;" id="breadSelectFormSubmit" type="submit"></input></form></div></div><!-- zone edit - Bannière haute --><div class="zone-admin diff-zone"></div><!-- DEBUT DE LA BARRE TITRE --><!-- div id="wrap-liste-produits-nav" class="">
						<div id="liste-produits-nav" class="clear-container float-container">
					
							
							
							<div id="liste-produits-tri" class="float-container">
							
							<div class="titre-produits">
								<h2>
									<span class="titre-principal">
										<t:outputraw value="categoryTitle" />
									</span>
									<span class="titre-secondaire"> ${nbProductsMsg}</span>
								</h2>
							</div>
							
							<t:zone t:id="headerListZone" t:update="show">
							<form t:type="form" t:id="sortForm" t:zone="productListZone" t:autofocus="false">
							<p class="liste-produits-choix-affichage" t:type="zone" t:update="show" id="productDisplayTypeZone">
									<p class="liste-produits-choix-affichage">
										<select t:type="select" t:id="sort" class="form-select" t:blankOption="NEVER" onChange="document.getElementById('sortBySubmit').click();" />
										<input type="submit" id="sortBySubmit" style="display:none;" />
										
										<a t:type="actionlink" t:id="list" t:zone="productListZone" class="bt-liste ${pdtDisplayListStyle}">${message:category.display.type.list}</a>
										<a t:type="actionlink" t:id="thumbnail" t:zone="productListZone" class="bt-grille ${pdtDisplayGridStyle}">${message:category.display.type.thumbnail}</a>
									</p>
								</p>
								</form>
								
								</t:zone>
								
								
							</div>
							
							<ul t:type="zone" id="labelZone" t:update="show" class="liste-produits-menu menu menu-horizontal clear-container">
								<t:delegate to="labelBlock" / --><!-- liste des capsules de tri (marques) --><!-- t:block t:id="labelBlock">
									
									<li class="item">
									<t:if test="isAllSubCatActive">
											<a class="active">${message:category.sub.all}</a>
										<p:else>
											<a t:type="actionlink" t:zone="labelZone" t:id="showAll">${message:category.sub.all}</a>
										</p:else>
									</t:if>
									</li>	
										
									<t:if test="specificCategory">
										<t:loop source="categoriesAll" value="cat">
											<li class="item">
												<t:if test="isCatDisable">
													<a class="non_active">${cat.label}</a>
												<p:else>
													<t:if test="isCatActive">
														<a class="active">${cat.label}</a>
													<p:else>
														<a t:type="actionlink" t:zone="labelZone" t:id="viewCat" t:context="cat.shelfId">${cat.label}</a>
													</p:else>
													</t:if>
												</p:else>
												</t:if>
											</li>
										</t:loop>
									</t:if>	
										
									<t:unless test="specificCategory">
										<t:loop source="subCategories" value="subCat">
											<li class="item">
												<t:if test="isSubCatDisable">
													<a class="non_active">${subCat.label}</a>
												<p:else>
													<t:if test="isSubCatActive">
														<a class="active">${subCat.label}</a>
													<p:else>
														<a t:type="actionlink" t:zone="labelZone" t:id="viewSubCat" t:context="subCat.shelfId">${subCat.label}</a>
													</p:else>
													</t:if>
												</p:else>
												</t:if>
											</li>
										</t:loop>
										
										<t:if test="hasBioFilter">
											<li class="bio">
												<a t:type="actionlink" t:zone="labelZone" t:id="bioLabel">${message:category.label.bio}</a>
											</li>
										</t:if>
										
									</t:unless>
									
								<t:if test="showPromo">
									<t:if test="isPromoCatActive">
										<li class="item caseprom">
											<a class="menu-top-promos activo" title="promos">${message:specificcategory.promotions}</a>
										</li>
									<p:else>
										<li class="item">
											<a class="menu-top-promos" title="promos" t:type="actionlink" t:zone="productListZone" t:id="filterPromos">${message:specificcategory.promotions}</a>
										</li>
									</p:else>
									</t:if>
									<p:else>
										<t:if test="isNotPromoPage">
											<li class="item">
												<a class="non_active" title="promos">${message:specificcategory.promotions}</a>
											</li>
										</t:if>
									</p:else>
								</t:if>
								
								<t:if test="showNews">
									<t:if test="isNewsCatActive">
										<li class="item">
											<a class="menu-top-nouveautes activon" title="nouveautes">${message:specificcategory.news}</a>
										</li>
									<p:else>
										<li class="item">
											<a class="menu-top-nouveautes" title="nouveautes" t:type="actionlink" t:zone="productListZone" t:id="filterNews">${message:specificcategory.news}</a>
										</li>
									</p:else>
									</t:if>
									<p:else>
										<t:if test="isNotNewsPage">
											<li class="item">
												<a class="non_active" title="nouveautes">${message:specificcategory.news}</a>
											</li>
										</t:if>
									</p:else>
								</t:if>
								
								<t:if test="showPdtAuchan">
									<t:if test="isAuchanCatActive">
										<li class="item">
											<a class="menu-top-produits-auchan activen" title="produits Auchan">${message:specificcategory.retailer_brand}</a>
										</li>
										<p:else>
											<li class="item">
												<a class="menu-top-produits-auchan" title="produits Auchan" t:type="actionlink" t:zone="productListZone" t:id="filterAuchan">${message:specificcategory.retailer_brand}</a>
											</li>
										</p:else>
									</t:if>
									<p:else>
										<t:if test="isNotAuchanPage">
											<li class="item">
												<a class="non_active" title="produits Auchan">${message:specificcategory.retailer_brand}</a>
											</li>
										</t:if>
									</p:else>
								</t:if>
								</t:block>
						</ul>
						</div>
						
						<div class="clear"></div>
						
						<t:zone t:id="moreProductListZone" t:update="show">
						<t:if test="!specificCategory">
								<t:if test="brands">
										<t:if test="isBrandFilterExpanded">
											<p class="link_hide_marque" style="display: block;">
											<a t:type="actionlink" t:zone="labelZone" t:id="hideAllBrands" title="${message:category.brands.hide.title}">${maskAllBrandsLink}</a>
											<img src="/static/images/down_arrow.png" />
											</p>
											
												<ul id="" class="liste-produits-menu menu menu-horizontal clear-container marques_liste" style="display: block;">
													<t:loop source="brands" value="brand">
														<li class="item">
															<t:if test="isBrandDisable">
																<a class="non_active">${brand}</a>
															<p:else>
																<t:if test="isBrandActive">
																	<a class="active">${brand}</a>
																<p:else>
																	<a t:type="actionlink" t:zone="labelZone" t:id="viewBrand" t:context="brand">${brand}</a>
																</p:else>
																</t:if>
															</p:else>
															</t:if>
														</li>
													</t:loop>
												</ul>
											
										<p:else>
											<p class="link_show_marque" style="display: block;">
											<a t:type="actionlink" t:zone="labelZone" t:id="viewAllBrands" title="${viewAllBrandsTitle}">${viewAllBrandsLink}</a>
											<img src="/static/images/down_arrow.png" />
											</p>
										</p:else>
										</t:if>
								</t:if>
							</t:if>
						</t:zone>
						
						</div --><!-- FIN DE LA BARRE TITRE --><div><!-- ***************** DEBUT DU BLOC TITRE ***************** --><div class="" id="wrap-liste-produits-nav"><div class="clear-container float-container" id="liste-produits-nav"><div class="float-container" id="liste-produits-tri"><div class="titre-produits"><h1><span class="titre-principal">Petit-déjeuner</span><span class="titre-secondaire"> - 676 produits</span></h1></div><div class="t-zone" id="headerListZone"><form onsubmit="javascript:Tapestry.waitForPage(event);" action="http://www.refonte.auchandirect.fr/rayon.productgridorlist.sortform" method="post" id="sortForm" name="sortForm"><div class="t-invisible"><input value="484" name="t:ac" type="hidden"></input><input value="H4sIAAAAAAAAAJXOMZJBQRCA4aaIZKpkWxuRjoTERhKR2lJeOUC/eeMZNaanuvvtchknUC4hkLnDHmBTkQA3IP2T/zv8Q/P3Ez7muKM4SkxFZbVkXxAHL2qEWIVhSFwaTGhXzigmJ8q7obHELvjc5CjOjPNHRKsT70LRzZxWqbc4tf4651sdalNoWYrKFL5x4xTa0zX+YD9gLPuZso/l1zYpNJ6/Fzzjdz0zJutEsirfeBFP8XQsBsvr/lIH2KY7aUKP/AYBAAA=" name="t:formdata" type="hidden"></input></div><p class="liste-produits-choix-affichage t-zone" id="productDisplayTypeZone"><p class="liste-produits-choix-affichage"><select onChange="document.getElementById('sortBySubmit').click();" class="form-select" id="sort" name="sort"><option selected="selected" value="MARQUE_ASC">Trier par marque A-Z</option><option value="MARQUE_DESC">Trier par marque Z-A</option><option value="PRICE_ASC">Trier du moins cher au plus cher</option><option value="PRICE_DESC">Trier du plus cher au moins cher</option><option value="PRICEQTE_ASC">Trier par prix/quantité croissant</option><option value="PRICEQTE_DESC">Trier par prix/quantité décroissant</option></select><img id="sort-icon" class="t-error-icon t-invisible" alt="" src="http://www.refonte.auchandirect.fr/assets/tapestry/5.1.0.5/spacer.gif"/><input style="display: none;" id="sortBySubmit" type="submit"></input><a id="list" onclick="javascript:Tapestry.waitForPage(event);" class="bt-liste " href="http://www.refonte.auchandirect.fr/rayon.productgridorlist.list?t:ac=484">en liste</a><a id="thumbnail" onclick="javascript:Tapestry.waitForPage(event);" class="bt-grille active" href="http://www.refonte.auchandirect.fr/rayon.productgridorlist.thumbnail?t:ac=484">en grille</a></p></p></form></div></div><ul class="liste-produits-menu menu menu-horizontal clear-container t-zone" id="labelZone"><li class="item"><a class="active">TOUS</a></li><li class="item"><a id="viewSubCat" onclick="javascript:Tapestry.waitForPage(event);" href="http://www.refonte.auchandirect.fr/rayon.productgridorlist.viewsubcat/710?t:ac=484">Cafés, Chicorées, Chocolats</a></li><li class="item"><a id="viewSubCat_0" onclick="javascript:Tapestry.waitForPage(event);" href="http://www.refonte.auchandirect.fr/rayon.productgridorlist.viewsubcat/431984?t:ac=484">Dosettes, Capsules</a></li><li class="item"><a id="viewSubCat_1" onclick="javascript:Tapestry.waitForPage(event);" href="http://www.refonte.auchandirect.fr/rayon.productgridorlist.viewsubcat/715?t:ac=484">Thés, Infusions</a></li><li class="item"><a id="viewSubCat_2" onclick="javascript:Tapestry.waitForPage(event);" href="http://www.refonte.auchandirect.fr/rayon.productgridorlist.viewsubcat/709?t:ac=484">Céréales</a></li><li class="item"><a id="viewSubCat_3" onclick="javascript:Tapestry.waitForPage(event);" href="http://www.refonte.auchandirect.fr/rayon.productgridorlist.viewsubcat/708?t:ac=484">Biscottes, Tartines</a></li><li class="item"><a id="viewSubCat_4" onclick="javascript:Tapestry.waitForPage(event);" href="http://www.refonte.auchandirect.fr/rayon.productgridorlist.viewsubcat/716?t:ac=484">Pains et Viennoiseries</a></li><li class="item"><a id="viewSubCat_5" onclick="javascript:Tapestry.waitForPage(event);" href="http://www.refonte.auchandirect.fr/rayon.productgridorlist.viewsubcat/712?t:ac=484">Confitures, Miels, Pâtes à Tartiner</a></li><li class="item"><a id="viewSubCat_6" onclick="javascript:Tapestry.waitForPage(event);" href="http://www.refonte.auchandirect.fr/rayon.productgridorlist.viewsubcat/713?t:ac=484">Jus de Fruits</a></li><li class="item"><a id="viewSubCat_7" onclick="javascript:Tapestry.waitForPage(event);" href="http://www.refonte.auchandirect.fr/rayon.productgridorlist.viewsubcat/714?t:ac=484">Laits</a></li><li class="item"><a id="filterPromos" onclick="javascript:Tapestry.waitForPage(event);" title="promos" class="menu-top-promos" href="http://www.refonte.auchandirect.fr/rayon.productgridorlist.filterpromos?t:ac=484">Promotions</a></li><li class="item"><a id="filterNews" onclick="javascript:Tapestry.waitForPage(event);" title="nouveautes" class="menu-top-nouveautes" href="http://www.refonte.auchandirect.fr/rayon.productgridorlist.filternews?t:ac=484">Nouveautés</a></li><li class="item"><a id="filterAuchan" onclick="javascript:Tapestry.waitForPage(event);" title="produits Auchan" class="menu-top-produits-auchan" href="http://www.refonte.auchandirect.fr/rayon.productgridorlist.filterauchan?t:ac=484">Produits Auchan</a></li><!-- liste des capsules de tri (marques) --></ul></div><div class="clear"></div><div class="t-zone" id="moreProductListZone"><p style="display: block;" class="link_show_marque"><a id="viewAllBrands" onclick="javascript:Tapestry.waitForPage(event);" title="Voir les 93 éléments supplémentaires" href="http://www.refonte.auchandirect.fr/rayon.productgridorlist.viewallbrands?t:ac=484">Afficher les 93 marques</a><img src="http://www.refonte.auchandirect.fr/static/images/down_arrow.png"/></p></div></div><!-- ***************** FIN DU BLOC TITRE ***************** --><div class="t-zone" id="productListZone"><div class="liste clear-container" id="liste-produits-grille"><table><tr><td><!-- PL : ici --><div class="bloc-produit  bientot-dispo"><div class="bloc-produit-content"><a title="Voir le produit" href="http://www.refonte.auchandirect.fr/petit-déjeuner-epicerie-sucrée/petit-déjeuner/thé-vrac-petit-déjeuner/id1/484/49921"><img src="http://www.refonte.auchandirect.fr/static/images/products/line/49921.jpg" alt="" class="produit "/></a><div class="picto"><span class="invisible"></span></div><div class="boutons-produit"><a class="bt-produit-ajout-panier disable" title="Bientôt disponible" href="javascript:void(0)">Bientôt disponible</a><a id="addProductToShoppingList" onclick="javascript:Tapestry.waitForPage(event);" title="Ajouter à ma liste" class="bt-produit-ajout-liste" href="http://www.refonte.auchandirect.fr/rayon.productgridorlist.productlist_1.thumbnailproduct_0.addproducttoshoppinglist/49921?t:ac=484">Ajouter à ma liste</a></div><div class="infos-produit-1"><div class="prix-actuel"><span>5.34€</span></div></div><div class="infos-produit-2"><a title="Voir le produit" href="http://www.refonte.auchandirect.fr/petit-déjeuner-epicerie-sucrée/petit-déjeuner/thé-vrac-petit-déjeuner/id1/484/49921"><h2>ALBERT MENES</h2><h4>Thé vrac petit-déjeuner</h4><h4>English breakfast</h4><p>
125 g
<br/>
42.72€/kg
</p></a></div><div class="mini_picto_bas"><img src="http://www.refonte.auchandirect.fr/static/images/DLC-garantie-30j_small.jpg"/></div></div></div></td><td><!-- PL : ici --><div class="bloc-produit "><div class="bloc-produit-content"><a title="Voir le produit" href="http://www.refonte.auchandirect.fr/petit-déjeuner-epicerie-sucrée/petit-déjeuner/thé-de-chine/id1/484/49916"><img src="http://www.refonte.auchandirect.fr/static/images/products/line/49916.jpg" alt="" class="produit "/></a><div class="picto"><span class="invisible"></span></div><div class="boutons-produit"><a id="addProductToBasket" onclick="javascript:Tapestry.waitForPage(event);" title="Ajouter au panier" class="bt-produit-ajout-panier" href="http://www.refonte.auchandirect.fr/rayon.productgridorlist.productlist_1.thumbnailproduct_0.addproducttobasket/49916?t:ac=484">Ajouter au panier</a><a id="addProductToShoppingList_0" onclick="javascript:Tapestry.waitForPage(event);" title="Ajouter à ma liste" class="bt-produit-ajout-liste" href="http://www.refonte.auchandirect.fr/rayon.productgridorlist.productlist_1.thumbnailproduct_0.addproducttoshoppinglist/49916?t:ac=484">Ajouter à ma liste</a></div><div class="infos-produit-1"><div class="prix-actuel"><span>5.48€</span></div></div><div class="infos-produit-2"><a title="Voir le produit" href="http://www.refonte.auchandirect.fr/petit-déjeuner-epicerie-sucrée/petit-déjeuner/thé-de-chine/id1/484/49916"><h2>ALBERT MENES</h2><h4>Thé de chine</h4><h4>Fleurs de Jasmin</h4><p>
125 g
<br/>
43.84€/kg
</p></a></div><div class="mini_picto_bas"><img src="http://www.refonte.auchandirect.fr/static/images/DLC-garantie-30j_small.jpg"/></div></div></div></td><td><!-- PL : ici --><div class="bloc-produit "><div class="bloc-produit-content"><a title="Voir le produit" href="http://www.refonte.auchandirect.fr/petit-déjeuner-epicerie-sucrée/petit-déjeuner/thé-noir-grandes-feuilles/id1/484/49915"><img src="http://www.refonte.auchandirect.fr/static/images/products/line/49915.jpg" alt="" class="produit "/></a><div class="picto"><span class="invisible"></span></div><div class="boutons-produit"><a id="addProductToBasket_0" onclick="javascript:Tapestry.waitForPage(event);" title="Ajouter au panier" class="bt-produit-ajout-panier" href="http://www.refonte.auchandirect.fr/rayon.productgridorlist.productlist_1.thumbnailproduct_0.addproducttobasket/49915?t:ac=484">Ajouter au panier</a><a id="addProductToShoppingList_1" onclick="javascript:Tapestry.waitForPage(event);" title="Ajouter à ma liste" class="bt-produit-ajout-liste" href="http://www.refonte.auchandirect.fr/rayon.productgridorlist.productlist_1.thumbnailproduct_0.addproducttoshoppinglist/49915?t:ac=484">Ajouter à ma liste</a></div><div class="infos-produit-1"><div class="prix-actuel"><span>5.34€</span></div></div><div class="infos-produit-2"><a title="Voir le produit" href="http://www.refonte.auchandirect.fr/petit-déjeuner-epicerie-sucrée/petit-déjeuner/thé-noir-grandes-feuilles/id1/484/49915"><h2>ALBERT MENES</h2><h4>Thé noir grandes feuilles</h4><h4>Ceylan-orange pekoe</h4><p>
125 g
<br/>
42.72€/kg
</p></a></div><div class="mini_picto_bas"><img src="http://www.refonte.auchandirect.fr/static/images/DLC-garantie-30j_small.jpg"/></div></div></div></td></tr><tr><td><!-- PL : ici --><div class="bloc-produit "><div class="bloc-produit-content"><a title="Voir le produit" href="http://www.refonte.auchandirect.fr/petit-déjeuner-epicerie-sucrée/petit-déjeuner/thé-noir-bergamote/id1/484/49920"><img src="http://www.refonte.auchandirect.fr/static/images/products/line/49920.jpg" alt="" class="produit "/></a><div class="picto"><span class="invisible"></span></div><div class="boutons-produit"><a id="addProductToBasket_1" onclick="javascript:Tapestry.waitForPage(event);" title="Ajouter au panier" class="bt-produit-ajout-panier" href="http://www.refonte.auchandirect.fr/rayon.productgridorlist.productlist_1.thumbnailproduct_0.addproducttobasket/49920?t:ac=484">Ajouter au panier</a><a id="addProductToShoppingList_2" onclick="javascript:Tapestry.waitForPage(event);" title="Ajouter à ma liste" class="bt-produit-ajout-liste" href="http://www.refonte.auchandirect.fr/rayon.productgridorlist.productlist_1.thumbnailproduct_0.addproducttoshoppinglist/49920?t:ac=484">Ajouter à ma liste</a></div><div class="infos-produit-1"><div class="prix-actuel"><span>5.48€</span></div></div><div class="infos-produit-2"><a title="Voir le produit" href="http://www.refonte.auchandirect.fr/petit-déjeuner-epicerie-sucrée/petit-déjeuner/thé-noir-bergamote/id1/484/49920"><h2>ALBERT MENES</h2><h4>Thé noir bergamote</h4><h4>Earl grey</h4><p>
125 g
<br/>
43.84€/kg
</p></a></div><div class="mini_picto_bas"><img src="http://www.refonte.auchandirect.fr/static/images/DLC-garantie-30j_small.jpg"/></div></div></div></td><td><!-- PL : ici --><div class="bloc-produit  bientot-dispo"><div class="bloc-produit-content"><a title="Voir le produit" href="http://www.refonte.auchandirect.fr/petit-déjeuner-epicerie-sucrée/petit-déjeuner/pain-azyme/id1/484/49927"><img src="http://www.refonte.auchandirect.fr/static/images/products/line/49927.jpg" alt="" class="produit "/></a><div class="picto"><span class="invisible"></span></div><div class="boutons-produit"><a class="bt-produit-ajout-panier disable" title="Bientôt disponible" href="javascript:void(0)">Bientôt disponible</a><a id="addProductToShoppingList_3" onclick="javascript:Tapestry.waitForPage(event);" title="Ajouter à ma liste" class="bt-produit-ajout-liste" href="http://www.refonte.auchandirect.fr/rayon.productgridorlist.productlist_1.thumbnailproduct_0.addproducttoshoppinglist/49927?t:ac=484">Ajouter à ma liste</a></div><div class="infos-produit-1"><div class="prix-actuel"><span>2.98€</span></div></div><div class="infos-produit-2"><a title="Voir le produit" href="http://www.refonte.auchandirect.fr/petit-déjeuner-epicerie-sucrée/petit-déjeuner/pain-azyme/id1/484/49927"><h2>ALBERT MENES</h2><h4>Pain azyme</h4><h4></h4><p>
200 g
<br/>
14.90€/kg
</p></a></div><div class="mini_picto_bas"><img src="http://www.refonte.auchandirect.fr/static/images/DLC-garantie-30j_small.jpg"/></div></div></div></td><td><!-- PL : ici --><div class="bloc-produit "><div class="bloc-produit-content"><a title="Voir le produit" href="http://www.refonte.auchandirect.fr/petit-déjeuner-epicerie-sucrée/petit-déjeuner/confiture-extra-de-fruits/id1/484/48378"><img src="http://www.refonte.auchandirect.fr/static/images/products/line/48378.jpg" alt="" class="produit "/></a><div class="picto"><span class="invisible"></span></div><div class="boutons-produit"><a id="addProductToBasket_2" onclick="javascript:Tapestry.waitForPage(event);" title="Ajouter au panier" class="bt-produit-ajout-panier" href="http://www.refonte.auchandirect.fr/rayon.productgridorlist.productlist_1.thumbnailproduct_0.addproducttobasket/48378?t:ac=484">Ajouter au panier</a><a id="addProductToShoppingList_4" onclick="javascript:Tapestry.waitForPage(event);" title="Ajouter à ma liste" class="bt-produit-ajout-liste" href="http://www.refonte.auchandirect.fr/rayon.productgridorlist.productlist_1.thumbnailproduct_0.addproducttoshoppinglist/48378?t:ac=484">Ajouter à ma liste</a></div><div class="infos-produit-1"><div class="prix-actuel"><span>4.93€</span></div></div><div class="infos-produit-2"><a title="Voir le produit" href="http://www.refonte.auchandirect.fr/petit-déjeuner-epicerie-sucrée/petit-déjeuner/confiture-extra-de-fruits/id1/484/48378"><h2>ALBERT MENES</h2><h4>Confiture extra de fruits</h4><h4>Abricot</h4><p>
370 g
<br/>
13.32€/kg
</p></a></div><div class="mini_picto_bas"><img src="http://www.refonte.auchandirect.fr/static/images/DLC-garantie-30j_small.jpg"/></div></div></div></td></tr><tr><td><!-- PL : ici --><div class="bloc-produit  bientot-dispo"><div class="bloc-produit-content"><a title="Voir le produit" href="http://www.refonte.auchandirect.fr/petit-déjeuner-epicerie-sucrée/petit-déjeuner/confiture-extra-de-fruits/id1/484/48385"><img src="http://www.refonte.auchandirect.fr/static/images/products/line/48385.jpg" alt="" class="produit "/></a><div class="picto"><span class="invisible"></span></div><div class="boutons-produit"><a class="bt-produit-ajout-panier disable" title="Bientôt disponible" href="javascript:void(0)">Bientôt disponible</a><a id="addProductToShoppingList_5" onclick="javascript:Tapestry.waitForPage(event);" title="Ajouter à ma liste" class="bt-produit-ajout-liste" href="http://www.refonte.auchandirect.fr/rayon.productgridorlist.productlist_1.thumbnailproduct_0.addproducttoshoppinglist/48385?t:ac=484">Ajouter à ma liste</a></div><div class="infos-produit-1"><div class="prix-actuel"><span>5.76€</span></div></div><div class="infos-produit-2"><a title="Voir le produit" href="http://www.refonte.auchandirect.fr/petit-déjeuner-epicerie-sucrée/petit-déjeuner/confiture-extra-de-fruits/id1/484/48385"><h2>ALBERT MENES</h2><h4>Confiture extra de fruits</h4><h4>Mirabelle de lorraine</h4><p>
370 g
<br/>
15.57€/kg
</p></a></div><div class="mini_picto_bas"><img src="http://www.refonte.auchandirect.fr/static/images/DLC-garantie-30j_small.jpg"/></div></div></div></td><td><!-- PL : ici --><div class="bloc-produit  bientot-dispo"><div class="bloc-produit-content"><a title="Voir le produit" href="http://www.refonte.auchandirect.fr/petit-déjeuner-epicerie-sucrée/petit-déjeuner/marmelade-de-fruits/id1/484/49914"><img src="http://www.refonte.auchandirect.fr/static/images/products/line/49914.jpg" alt="" class="produit "/></a><div class="picto"><span class="invisible"></span></div><div class="boutons-produit"><a class="bt-produit-ajout-panier disable" title="Bientôt disponible" href="javascript:void(0)">Bientôt disponible</a><a id="addProductToShoppingList_6" onclick="javascript:Tapestry.waitForPage(event);" title="Ajouter à ma liste" class="bt-produit-ajout-liste" href="http://www.refonte.auchandirect.fr/rayon.productgridorlist.productlist_1.thumbnailproduct_0.addproducttoshoppinglist/49914?t:ac=484">Ajouter à ma liste</a></div><div class="infos-produit-1"><div class="prix-actuel"><span>5.15€</span></div></div><div class="infos-produit-2"><a title="Voir le produit" href="http://www.refonte.auchandirect.fr/petit-déjeuner-epicerie-sucrée/petit-déjeuner/marmelade-de-fruits/id1/484/49914"><h2>ALBERT MENES</h2><h4>Marmelade de fruits</h4><h4>3 Agrumes</h4><p>
370 g
<br/>
13.92€/kg
</p></a></div><div class="mini_picto_bas"><img src="http://www.refonte.auchandirect.fr/static/images/DLC-garantie-30j_small.jpg"/></div></div></div></td><td><!-- PL : ici --><div class="bloc-produit  bientot-dispo"><div class="bloc-produit-content"><a title="Voir le produit" href="http://www.refonte.auchandirect.fr/petit-déjeuner-epicerie-sucrée/petit-déjeuner/confiture-extra-de-fruits/id1/484/48386"><img src="http://www.refonte.auchandirect.fr/static/images/products/line/48386.jpg" alt="" class="produit "/></a><div class="picto"><span class="invisible"></span></div><div class="boutons-produit"><a class="bt-produit-ajout-panier disable" title="Bientôt disponible" href="javascript:void(0)">Bientôt disponible</a><a id="addProductToShoppingList_7" onclick="javascript:Tapestry.waitForPage(event);" title="Ajouter à ma liste" class="bt-produit-ajout-liste" href="http://www.refonte.auchandirect.fr/rayon.productgridorlist.productlist_1.thumbnailproduct_0.addproducttoshoppinglist/48386?t:ac=484">Ajouter à ma liste</a></div><div class="infos-produit-1"><div class="prix-actuel"><span>6.46€</span></div></div><div class="infos-produit-2"><a title="Voir le produit" href="http://www.refonte.auchandirect.fr/petit-déjeuner-epicerie-sucrée/petit-déjeuner/confiture-extra-de-fruits/id1/484/48386"><h2>ALBERT MENES</h2><h4>Confiture extra de fruits</h4><h4>Mûre épépinée</h4><p>
370 g
<br/>
17.46€/kg
</p></a></div><div class="mini_picto_bas"><img src="http://www.refonte.auchandirect.fr/static/images/DLC-garantie-30j_small.jpg"/></div></div></div></td></tr><tr><td><!-- PL : ici --><div class="bloc-produit "><div class="bloc-produit-content"><a title="Voir le produit" href="http://www.refonte.auchandirect.fr/petit-déjeuner-epicerie-sucrée/petit-déjeuner/confiture-extra-de-fruits/id1/484/48382"><img src="http://www.refonte.auchandirect.fr/static/images/products/line/48382.jpg" alt="" class="produit "/></a><div class="picto"><span class="invisible"></span></div><div class="boutons-produit"><a id="addProductToBasket_3" onclick="javascript:Tapestry.waitForPage(event);" title="Ajouter au panier" class="bt-produit-ajout-panier" href="http://www.refonte.auchandirect.fr/rayon.productgridorlist.productlist_1.thumbnailproduct_0.addproducttobasket/48382?t:ac=484">Ajouter au panier</a><a id="addProductToShoppingList_8" onclick="javascript:Tapestry.waitForPage(event);" title="Ajouter à ma liste" class="bt-produit-ajout-liste" href="http://www.refonte.auchandirect.fr/rayon.productgridorlist.productlist_1.thumbnailproduct_0.addproducttoshoppinglist/48382?t:ac=484">Ajouter à ma liste</a></div><div class="infos-produit-1"><div class="prix-actuel"><span>6.11€</span></div></div><div class="infos-produit-2"><a title="Voir le produit" href="http://www.refonte.auchandirect.fr/petit-déjeuner-epicerie-sucrée/petit-déjeuner/confiture-extra-de-fruits/id1/484/48382"><h2>ALBERT MENES</h2><h4>Confiture extra de fruits</h4><h4>Figues violettes</h4><p>
370 g
<br/>
16.51€/kg
</p></a></div><div class="mini_picto_bas"><img src="http://www.refonte.auchandirect.fr/static/images/DLC-garantie-30j_small.jpg"/></div></div></div></td><td><!-- PL : ici --><div class="bloc-produit  bientot-dispo"><div class="bloc-produit-content"><a title="Voir le produit" href="http://www.refonte.auchandirect.fr/petit-déjeuner-epicerie-sucrée/petit-déjeuner/confiture-extra-de-fruits/id1/484/48383"><img src="http://www.refonte.auchandirect.fr/static/images/products/line/48383.jpg" alt="" class="produit "/></a><div class="picto"><span class="invisible"></span></div><div class="boutons-produit"><a class="bt-produit-ajout-panier disable" title="Bientôt disponible" href="javascript:void(0)">Bientôt disponible</a><a id="addProductToShoppingList_9" onclick="javascript:Tapestry.waitForPage(event);" title="Ajouter à ma liste" class="bt-produit-ajout-liste" href="http://www.refonte.auchandirect.fr/rayon.productgridorlist.productlist_1.thumbnailproduct_0.addproducttoshoppinglist/48383?t:ac=484">Ajouter à ma liste</a></div><div class="infos-produit-1"><div class="prix-actuel"><span>5.25€</span></div></div><div class="infos-produit-2"><a title="Voir le produit" href="http://www.refonte.auchandirect.fr/petit-déjeuner-epicerie-sucrée/petit-déjeuner/confiture-extra-de-fruits/id1/484/48383"><h2>ALBERT MENES</h2><h4>Confiture extra de fruits</h4><h4>Fraise</h4><p>
370 g
<br/>
14.19€/kg
</p></a></div><div class="mini_picto_bas"><img src="http://www.refonte.auchandirect.fr/static/images/DLC-garantie-30j_small.jpg"/></div></div></div></td><td><!-- PL : ici --><div class="bloc-produit "><div class="bloc-produit-content"><a title="Voir le produit" href="http://www.refonte.auchandirect.fr/petit-déjeuner-epicerie-sucrée/petit-déjeuner/confiture-extra-de-fruits/id1/484/48384"><img src="http://www.refonte.auchandirect.fr/static/images/products/line/48384.jpg" alt="" class="produit "/></a><div class="picto"><span class="invisible"></span></div><div class="boutons-produit"><a id="addProductToBasket_4" onclick="javascript:Tapestry.waitForPage(event);" title="Ajouter au panier" class="bt-produit-ajout-panier" href="http://www.refonte.auchandirect.fr/rayon.productgridorlist.productlist_1.thumbnailproduct_0.addproducttobasket/48384?t:ac=484">Ajouter au panier</a><a id="addProductToShoppingList_10" onclick="javascript:Tapestry.waitForPage(event);" title="Ajouter à ma liste" class="bt-produit-ajout-liste" href="http://www.refonte.auchandirect.fr/rayon.productgridorlist.productlist_1.thumbnailproduct_0.addproducttoshoppinglist/48384?t:ac=484">Ajouter à ma liste</a></div><div class="infos-produit-1"><div class="prix-actuel"><span>6.46€</span></div></div><div class="infos-produit-2"><a title="Voir le produit" href="http://www.refonte.auchandirect.fr/petit-déjeuner-epicerie-sucrée/petit-déjeuner/confiture-extra-de-fruits/id1/484/48384"><h2>ALBERT MENES</h2><h4>Confiture extra de fruits</h4><h4>Framboise épépinée</h4><p>
370 g
<br/>
17.46€/kg
</p></a></div><div class="mini_picto_bas"><img src="http://www.refonte.auchandirect.fr/static/images/DLC-garantie-30j_small.jpg"/></div></div></div></td></tr><tr><td><!-- PL : ici --><div class="bloc-produit "><div class="bloc-produit-content"><a title="Voir le produit" href="http://www.refonte.auchandirect.fr/petit-déjeuner-epicerie-sucrée/petit-déjeuner/miel-d'acacia-de-france/id1/484/48392"><img src="http://www.refonte.auchandirect.fr/static/images/products/line/48392.jpg" alt="" class="produit "/></a><div class="picto"><span class="invisible"></span></div><div class="boutons-produit"><a id="addProductToBasket_5" onclick="javascript:Tapestry.waitForPage(event);" title="Ajouter au panier" class="bt-produit-ajout-panier" href="http://www.refonte.auchandirect.fr/rayon.productgridorlist.productlist_1.thumbnailproduct_0.addproducttobasket/48392?t:ac=484">Ajouter au panier</a><a id="addProductToShoppingList_11" onclick="javascript:Tapestry.waitForPage(event);" title="Ajouter à ma liste" class="bt-produit-ajout-liste" href="http://www.refonte.auchandirect.fr/rayon.productgridorlist.productlist_1.thumbnailproduct_0.addproducttoshoppinglist/48392?t:ac=484">Ajouter à ma liste</a></div><div class="infos-produit-1"><div class="prix-actuel"><span>9.32€</span></div></div><div class="infos-produit-2"><a title="Voir le produit" href="http://www.refonte.auchandirect.fr/petit-déjeuner-epicerie-sucrée/petit-déjeuner/miel-d'acacia-de-france/id1/484/48392"><h2>ALBERT MENES</h2><h4>Miel d'acacia de france</h4><h4>Miel</h4><p>
500 g
<br/>
18.64€/kg
</p></a></div><div class="mini_picto_bas"><img src="http://www.refonte.auchandirect.fr/static/images/DLC-garantie-30j_small.jpg"/></div></div></div></td><td><!-- PL : ici --><div class="bloc-produit  bientot-dispo"><div class="bloc-produit-content"><a title="Voir le produit" href="http://www.refonte.auchandirect.fr/petit-déjeuner-epicerie-sucrée/petit-déjeuner/miel-de-montagne-d'auvergne/id1/484/48394"><img src="http://www.refonte.auchandirect.fr/static/images/products/line/48394.jpg" alt="" class="produit "/></a><div class="picto"><span class="invisible"></span></div><div class="boutons-produit"><a class="bt-produit-ajout-panier disable" title="Bientôt disponible" href="javascript:void(0)">Bientôt disponible</a><a id="addProductToShoppingList_12" onclick="javascript:Tapestry.waitForPage(event);" title="Ajouter à ma liste" class="bt-produit-ajout-liste" href="http://www.refonte.auchandirect.fr/rayon.productgridorlist.productlist_1.thumbnailproduct_0.addproducttoshoppinglist/48394?t:ac=484">Ajouter à ma liste</a></div><div class="infos-produit-1"><div class="prix-actuel"><span>8.45€</span></div></div><div class="infos-produit-2"><a title="Voir le produit" href="http://www.refonte.auchandirect.fr/petit-déjeuner-epicerie-sucrée/petit-déjeuner/miel-de-montagne-d'auvergne/id1/484/48394"><h2>ALBERT MENES</h2><h4>Miel de montagne d'auvergne</h4><h4>Miel</h4><p>
500 g
<br/>
16.90€/kg
</p></a></div><div class="mini_picto_bas"><img src="http://www.refonte.auchandirect.fr/static/images/DLC-garantie-30j_small.jpg"/></div></div></div></td><td><!-- PL : ici --><div class="bloc-produit "><div class="bloc-produit-content"><a title="Voir le produit" href="http://www.refonte.auchandirect.fr/petit-déjeuner-epicerie-sucrée/bien-etre,-forme/confiture-allégée/id1/431988/100948"><img src="http://www.refonte.auchandirect.fr/static/images/products/line/100948.jpg" alt="" class="produit "/></a><div class="picto"><span class="invisible"></span></div><div class="boutons-produit"><a id="addProductToBasket_6" onclick="javascript:Tapestry.waitForPage(event);" title="Ajouter au panier" class="bt-produit-ajout-panier" href="http://www.refonte.auchandirect.fr/rayon.productgridorlist.productlist_1.thumbnailproduct_0.addproducttobasket/100948?t:ac=484">Ajouter au panier</a><a id="addProductToShoppingList_13" onclick="javascript:Tapestry.waitForPage(event);" title="Ajouter à ma liste" class="bt-produit-ajout-liste" href="http://www.refonte.auchandirect.fr/rayon.productgridorlist.productlist_1.thumbnailproduct_0.addproducttoshoppinglist/100948?t:ac=484">Ajouter à ma liste</a></div><div class="infos-produit-1"><div class="prix-actuel"><span>1.61€</span></div></div><div class="infos-produit-2"><a title="Voir le produit" href="http://www.refonte.auchandirect.fr/petit-déjeuner-epicerie-sucrée/bien-etre,-forme/confiture-allégée/id1/431988/100948"><h2>ANDROS</h2><h4>Confiture allégée</h4><h4>Abricots</h4><p>
350 g
<br/>
4.60€/kg
</p></a></div><div class="mini_picto_bas"><img src="http://www.refonte.auchandirect.fr/static/images/DLC-garantie-30j_small.jpg"/></div></div></div></td></tr><tr><td><!-- PL : ici --><div class="bloc-produit "><div class="bloc-produit-content"><a title="Voir le produit" href="http://www.refonte.auchandirect.fr/petit-déjeuner-epicerie-sucrée/bien-etre,-forme/confiture-allégée/id1/431988/100688"><img src="http://www.refonte.auchandirect.fr/static/images/products/line/100688.jpg" alt="" class="produit "/></a><div class="picto"><span class="invisible"></span></div><div class="boutons-produit"><a id="addProductToBasket_7" onclick="javascript:Tapestry.waitForPage(event);" title="Ajouter au panier" class="bt-produit-ajout-panier" href="http://www.refonte.auchandirect.fr/rayon.productgridorlist.productlist_1.thumbnailproduct_0.addproducttobasket/100688?t:ac=484">Ajouter au panier</a><a id="addProductToShoppingList_14" onclick="javascript:Tapestry.waitForPage(event);" title="Ajouter à ma liste" class="bt-produit-ajout-liste" href="http://www.refonte.auchandirect.fr/rayon.productgridorlist.productlist_1.thumbnailproduct_0.addproducttoshoppinglist/100688?t:ac=484">Ajouter à ma liste</a></div><div class="infos-produit-1"><div class="prix-actuel"><span>2.28€</span></div></div><div class="infos-produit-2"><a title="Voir le produit" href="http://www.refonte.auchandirect.fr/petit-déjeuner-epicerie-sucrée/bien-etre,-forme/confiture-allégée/id1/431988/100688"><h2>ANDROS</h2><h4>Confiture allégée</h4><h4>Myrtilles</h4><p>
350 g
<br/>
6.51€/kg
</p></a></div><div class="mini_picto_bas"><img src="http://www.refonte.auchandirect.fr/static/images/DLC-garantie-30j_small.jpg"/></div></div></div></td><td><!-- PL : ici --><div class="bloc-produit "><div class="bloc-produit-content"><a title="Voir le produit" href="http://www.refonte.auchandirect.fr/petit-déjeuner-epicerie-sucrée/bien-etre,-forme/confiture-allégée/id1/431988/100947"><img src="http://www.refonte.auchandirect.fr/static/images/products/line/100947.jpg" alt="" class="produit "/></a><div class="picto"><span class="invisible"></span></div><div class="boutons-produit"><a id="addProductToBasket_8" onclick="javascript:Tapestry.waitForPage(event);" title="Ajouter au panier" class="bt-produit-ajout-panier" href="http://www.refonte.auchandirect.fr/rayon.productgridorlist.productlist_1.thumbnailproduct_0.addproducttobasket/100947?t:ac=484">Ajouter au panier</a><a id="addProductToShoppingList_15" onclick="javascript:Tapestry.waitForPage(event);" title="Ajouter à ma liste" class="bt-produit-ajout-liste" href="http://www.refonte.auchandirect.fr/rayon.productgridorlist.productlist_1.thumbnailproduct_0.addproducttoshoppinglist/100947?t:ac=484">Ajouter à ma liste</a></div><div class="infos-produit-1"><div class="prix-actuel"><span>1.76€</span></div></div><div class="infos-produit-2"><a title="Voir le produit" href="http://www.refonte.auchandirect.fr/petit-déjeuner-epicerie-sucrée/bien-etre,-forme/confiture-allégée/id1/431988/100947"><h2>ANDROS</h2><h4>Confiture allégée</h4><h4>Fraises</h4><p>
350 g
<br/>
5.03€/kg
</p></a></div><div class="mini_picto_bas"><img src="http://www.refonte.auchandirect.fr/static/images/DLC-garantie-30j_small.jpg"/></div></div></div></td><td><!-- PL : ici --><div class="bloc-produit "><div class="bloc-produit-content"><a title="Voir le produit" href="http://www.refonte.auchandirect.fr/petit-déjeuner-epicerie-sucrée/petit-déjeuner/confiture-allégée/id1/484/39334"><img src="http://www.refonte.auchandirect.fr/static/images/products/line/39334.jpg" alt="" class="produit "/></a><div class="picto"><span class="invisible"></span></div><div class="boutons-produit"><a id="addProductToBasket_9" onclick="javascript:Tapestry.waitForPage(event);" title="Ajouter au panier" class="bt-produit-ajout-panier" href="http://www.refonte.auchandirect.fr/rayon.productgridorlist.productlist_1.thumbnailproduct_0.addproducttobasket/39334?t:ac=484">Ajouter au panier</a><a id="addProductToShoppingList_16" onclick="javascript:Tapestry.waitForPage(event);" title="Ajouter à ma liste" class="bt-produit-ajout-liste" href="http://www.refonte.auchandirect.fr/rayon.productgridorlist.productlist_1.thumbnailproduct_0.addproducttoshoppinglist/39334?t:ac=484">Ajouter à ma liste</a></div><div class="infos-produit-1"><div class="prix-actuel"><span>2.48€</span></div></div><div class="infos-produit-2"><a title="Voir le produit" href="http://www.refonte.auchandirect.fr/petit-déjeuner-epicerie-sucrée/petit-déjeuner/confiture-allégée/id1/484/39334"><h2>ANDROS</h2><h4>Confiture allégée</h4><h4>Framboise</h4><p>
350 g
<br/>
7.09€/kg
</p></a></div><div class="mini_picto_bas"><img src="http://www.refonte.auchandirect.fr/static/images/DLC-garantie-30j_small.jpg"/></div></div></div></td></tr><tr><td><!-- PL : ici --><div class="bloc-produit  bientot-dispo"><div class="bloc-produit-content"><a title="Voir le produit" href="../../../boissons/jus,-softs/pur-jus-de-pamplemousse-rose/id1/476/4137.html"><img src="http://www.refonte.auchandirect.fr/static/images/products/line/4137.jpg" alt="" class="produit "/></a><div class="picto"><span class="invisible"></span></div><div class="boutons-produit"><a class="bt-produit-ajout-panier disable" title="Bientôt disponible" href="javascript:void(0)">Bientôt disponible</a><a id="addProductToShoppingList_17" onclick="javascript:Tapestry.waitForPage(event);" title="Ajouter à ma liste" class="bt-produit-ajout-liste" href="http://www.refonte.auchandirect.fr/rayon.productgridorlist.productlist_1.thumbnailproduct_0.addproducttoshoppinglist/4137?t:ac=484">Ajouter à ma liste</a></div><div class="infos-produit-1"><div class="prix-actuel"><span>2.79€</span></div></div><div class="infos-produit-2"><a title="Voir le produit" href="../../../boissons/jus,-softs/pur-jus-de-pamplemousse-rose/id1/476/4137.html"><h2>ANDROS</h2><h4>Pur jus de pamplemousse rose</h4><h4></h4><p>
1 l
<br/>
2.79€/l
</p></a></div><div class="mini_picto_bas"><img alt="frais" src="http://www.refonte.auchandirect.fr/static/images/frais_small.jpg"/><img src="http://www.refonte.auchandirect.fr/static/images/DLC-garantie-6j_small.jpg"/></div></div></div></td><td><!-- PL : ici --><div class="bloc-produit  bientot-dispo"><div class="bloc-produit-content"><a title="Voir le produit" href="../../../boissons/jus,-softs/pur-jus-de-cl%25C3%25A9mentine-avec-pulpe/id1/476/58938.html"><img src="http://www.refonte.auchandirect.fr/static/images/products/line/58938.jpg" alt="" class="produit "/></a><div class="picto"><span class="invisible"></span></div><div class="boutons-produit"><a class="bt-produit-ajout-panier disable" title="Bientôt disponible" href="javascript:void(0)">Bientôt disponible</a><a id="addProductToShoppingList_18" onclick="javascript:Tapestry.waitForPage(event);" title="Ajouter à ma liste" class="bt-produit-ajout-liste" href="http://www.refonte.auchandirect.fr/rayon.productgridorlist.productlist_1.thumbnailproduct_0.addproducttoshoppinglist/58938?t:ac=484">Ajouter à ma liste</a></div><div class="infos-produit-1"><div class="prix-actuel"><span>3.60€</span></div></div><div class="infos-produit-2"><a title="Voir le produit" href="../../../boissons/jus,-softs/pur-jus-de-cl%25C3%25A9mentine-avec-pulpe/id1/476/58938.html"><h2>ANDROS</h2><h4>Pur jus de clémentine avec pulpe</h4><h4></h4><p>
1,5 l
<br/>
2.40€/l
</p></a></div><div class="mini_picto_bas"><img alt="frais" src="http://www.refonte.auchandirect.fr/static/images/frais_small.jpg"/><img src="http://www.refonte.auchandirect.fr/static/images/DLC-garantie-6j_small.jpg"/></div></div></div></td><td><!-- PL : ici --><div class="bloc-produit  bientot-dispo"><div class="bloc-produit-content"><a title="Voir le produit" href="../../../boissons/jus,-softs/jus-de-pommes-press%25C3%25A9es/id1/476/58939.html"><img src="http://www.refonte.auchandirect.fr/static/images/products/line/58939.jpg" alt="" class="produit "/></a><div class="picto"><span class="invisible"></span></div><div class="boutons-produit"><a class="bt-produit-ajout-panier disable" title="Bientôt disponible" href="javascript:void(0)">Bientôt disponible</a><a id="addProductToShoppingList_19" onclick="javascript:Tapestry.waitForPage(event);" title="Ajouter à ma liste" class="bt-produit-ajout-liste" href="http://www.refonte.auchandirect.fr/rayon.productgridorlist.productlist_1.thumbnailproduct_0.addproducttoshoppinglist/58939?t:ac=484">Ajouter à ma liste</a></div><div class="infos-produit-1"><div class="prix-actuel"><span>2.60€</span></div></div><div class="infos-produit-2"><a title="Voir le produit" href="../../../boissons/jus,-softs/jus-de-pommes-press%25C3%25A9es/id1/476/58939.html"><h2>ANDROS</h2><h4>Jus de pommes pressées</h4><h4></h4><p>
1 l
<br/>
2.60€/l
</p></a></div><div class="mini_picto_bas"><img alt="frais" src="http://www.refonte.auchandirect.fr/static/images/frais_small.jpg"/><img src="http://www.refonte.auchandirect.fr/static/images/DLC-garantie-6j_small.jpg"/></div></div></div></td></tr><tr><td><!-- PL : ici --><div class="bloc-produit  bientot-dispo"><div class="bloc-produit-content"><a title="Voir le produit" href="../../../boissons/jus,-softs/pur-jus-de-raisins-muscat%25C3%25A9s/id1/476/58940.html"><img src="http://www.refonte.auchandirect.fr/static/images/products/line/58940.jpg" alt="" class="produit "/></a><div class="picto"><span class="invisible"></span></div><div class="boutons-produit"><a class="bt-produit-ajout-panier disable" title="Bientôt disponible" href="javascript:void(0)">Bientôt disponible</a><a id="addProductToShoppingList_20" onclick="javascript:Tapestry.waitForPage(event);" title="Ajouter à ma liste" class="bt-produit-ajout-liste" href="http://www.refonte.auchandirect.fr/rayon.productgridorlist.productlist_1.thumbnailproduct_0.addproducttoshoppinglist/58940?t:ac=484">Ajouter à ma liste</a></div><div class="infos-produit-1"><div class="prix-actuel"><span>2.90€</span></div></div><div class="infos-produit-2"><a title="Voir le produit" href="../../../boissons/jus,-softs/pur-jus-de-raisins-muscat%25C3%25A9s/id1/476/58940.html"><h2>ANDROS</h2><h4>Pur jus de raisins muscatés</h4><h4></h4><p>
1 l
<br/>
2.90€/l
</p></a></div><div class="mini_picto_bas"><img alt="frais" src="http://www.refonte.auchandirect.fr/static/images/frais_small.jpg"/><img src="http://www.refonte.auchandirect.fr/static/images/DLC-garantie-6j_small.jpg"/></div></div></div></td><td><!-- PL : ici --><div class="bloc-produit  bientot-dispo"><div class="bloc-produit-content"><a title="Voir le produit" href="../../../boissons/jus,-softs/pur-jus-d'orange-avec-pulpe/id1/476/4134.html"><img src="http://www.refonte.auchandirect.fr/static/images/products/line/4134.jpg" alt="" class="produit "/></a><div class="picto"><span class="invisible"></span></div><div class="boutons-produit"><a class="bt-produit-ajout-panier disable" title="Bientôt disponible" href="javascript:void(0)">Bientôt disponible</a><a id="addProductToShoppingList_21" onclick="javascript:Tapestry.waitForPage(event);" title="Ajouter à ma liste" class="bt-produit-ajout-liste" href="http://www.refonte.auchandirect.fr/rayon.productgridorlist.productlist_1.thumbnailproduct_0.addproducttoshoppinglist/4134?t:ac=484">Ajouter à ma liste</a></div><div class="infos-produit-1"><div class="prix-actuel"><span>2.60€</span></div></div><div class="infos-produit-2"><a title="Voir le produit" href="../../../boissons/jus,-softs/pur-jus-d'orange-avec-pulpe/id1/476/4134.html"><h2>ANDROS</h2><h4>Pur jus d'orange avec pulpe</h4><h4>Orange</h4><p>
1 l
<br/>
2.60€/l
</p></a></div><div class="mini_picto_bas"><img alt="frais" src="http://www.refonte.auchandirect.fr/static/images/frais_small.jpg"/><img src="http://www.refonte.auchandirect.fr/static/images/DLC-garantie-6j_small.jpg"/></div></div></div></td><td><!-- PL : ici --><div class="bloc-produit produit-auchan"><div class="bloc-produit-content"><a title="Voir le produit" href="http://www.refonte.auchandirect.fr/petit-déjeuner-epicerie-sucrée/petit-déjeuner/café-tradition-en-grains/id1/484/51377"><img src="http://www.refonte.auchandirect.fr/static/images/products/line/51377.jpg" alt="" class="produit "/></a><div class="picto"><span class="invisible"></span></div><div class="boutons-produit"><a id="addProductToBasket_10" onclick="javascript:Tapestry.waitForPage(event);" title="Ajouter au panier" class="bt-produit-ajout-panier" href="http://www.refonte.auchandirect.fr/rayon.productgridorlist.productlist_1.thumbnailproduct_0.addproducttobasket/51377?t:ac=484">Ajouter au panier</a><a id="addProductToShoppingList_22" onclick="javascript:Tapestry.waitForPage(event);" title="Ajouter à ma liste" class="bt-produit-ajout-liste" href="http://www.refonte.auchandirect.fr/rayon.productgridorlist.productlist_1.thumbnailproduct_0.addproducttoshoppinglist/51377?t:ac=484">Ajouter à ma liste</a></div><div class="infos-produit-1"><div class="prix-actuel"><span>5.45€</span></div></div><div class="infos-produit-2"><a title="Voir le produit" href="http://www.refonte.auchandirect.fr/petit-déjeuner-epicerie-sucrée/petit-déjeuner/café-tradition-en-grains/id1/484/51377"><h2>AUCHAN</h2><h4>Café tradition en grains</h4><h4></h4><p>
1 kg
<br/>
5.45€/kg
</p></a></div><div class="mini_picto_bas"><img src="http://www.refonte.auchandirect.fr/static/images/DLC-garantie-30j_small.jpg"/></div></div></div></td></tr><tr><td><!-- PL : ici --><div class="bloc-produit produit-auchan"><div class="bloc-produit-content"><a title="Voir le produit" href="http://www.refonte.auchandirect.fr/petit-déjeuner-epicerie-sucrée/petit-déjeuner/préparation-soluble/id1/484/37823"><img src="http://www.refonte.auchandirect.fr/static/images/products/line/37823.jpg" alt="" class="produit "/></a><div class="picto"><span class="invisible"></span></div><div class="boutons-produit"><a id="addProductToBasket_11" onclick="javascript:Tapestry.waitForPage(event);" title="Ajouter au panier" class="bt-produit-ajout-panier" href="http://www.refonte.auchandirect.fr/rayon.productgridorlist.productlist_1.thumbnailproduct_0.addproducttobasket/37823?t:ac=484">Ajouter au panier</a><a id="addProductToShoppingList_23" onclick="javascript:Tapestry.waitForPage(event);" title="Ajouter à ma liste" class="bt-produit-ajout-liste" href="http://www.refonte.auchandirect.fr/rayon.productgridorlist.productlist_1.thumbnailproduct_0.addproducttoshoppinglist/37823?t:ac=484">Ajouter à ma liste</a></div><div class="infos-produit-1"><div class="prix-actuel"><span>2.96€</span></div></div><div class="infos-produit-2"><a title="Voir le produit" href="http://www.refonte.auchandirect.fr/petit-déjeuner-epicerie-sucrée/petit-déjeuner/préparation-soluble/id1/484/37823"><h2>AUCHAN</h2><h4>Préparation soluble</h4><h4>Café chicorée</h4><p>
250 g
<br/>
11.84€/kg
</p></a></div><div class="mini_picto_bas"><img src="http://www.refonte.auchandirect.fr/static/images/DLC-garantie-30j_small.jpg"/></div></div></div></td><td><!-- PL : ici --><div class="bloc-produit produit-auchan"><div class="bloc-produit-content"><a title="Voir le produit" href="http://www.refonte.auchandirect.fr/petit-déjeuner-epicerie-sucrée/petit-déjeuner/préparation-soluble/id1/484/42059"><img src="http://www.refonte.auchandirect.fr/static/images/products/line/42059.jpg" alt="" class="produit "/></a><div class="picto"><span class="invisible"></span></div><div class="boutons-produit"><a id="addProductToBasket_12" onclick="javascript:Tapestry.waitForPage(event);" title="Ajouter au panier" class="bt-produit-ajout-panier" href="http://www.refonte.auchandirect.fr/rayon.productgridorlist.productlist_1.thumbnailproduct_0.addproducttobasket/42059?t:ac=484">Ajouter au panier</a><a id="addProductToShoppingList_24" onclick="javascript:Tapestry.waitForPage(event);" title="Ajouter à ma liste" class="bt-produit-ajout-liste" href="http://www.refonte.auchandirect.fr/rayon.productgridorlist.productlist_1.thumbnailproduct_0.addproducttoshoppinglist/42059?t:ac=484">Ajouter à ma liste</a></div><div class="infos-produit-1"><div class="prix-actuel"><span>4.09€</span></div></div><div class="infos-produit-2"><a title="Voir le produit" href="http://www.refonte.auchandirect.fr/petit-déjeuner-epicerie-sucrée/petit-déjeuner/préparation-soluble/id1/484/42059"><h2>AUCHAN</h2><h4>Préparation soluble</h4><h4>Café au lait chicorée</h4><p>
400 g
<br/>
10.23€/kg
</p></a></div><div class="mini_picto_bas"></div></div></div></td><td><!-- PL : ici --><div class="bloc-produit produit-auchan"><div class="bloc-produit-content"><a title="Voir le produit" href="http://www.refonte.auchandirect.fr/petit-déjeuner-epicerie-sucrée/petit-déjeuner/dosettes-de-café-x-18/id1/484/33183"><img src="http://www.refonte.auchandirect.fr/static/images/products/line/33183.jpg" alt="" class="produit "/></a><div class="picto"><span class="invisible"></span></div><div class="boutons-produit"><a id="addProductToBasket_13" onclick="javascript:Tapestry.waitForPage(event);" title="Ajouter au panier" class="bt-produit-ajout-panier" href="http://www.refonte.auchandirect.fr/rayon.productgridorlist.productlist_1.thumbnailproduct_0.addproducttobasket/33183?t:ac=484">Ajouter au panier</a><a id="addProductToShoppingList_25" onclick="javascript:Tapestry.waitForPage(event);" title="Ajouter à ma liste" class="bt-produit-ajout-liste" href="http://www.refonte.auchandirect.fr/rayon.productgridorlist.productlist_1.thumbnailproduct_0.addproducttoshoppinglist/33183?t:ac=484">Ajouter à ma liste</a></div><div class="infos-produit-1"><div class="prix-actuel"><span>2.01€</span></div></div><div class="infos-produit-2"><a title="Voir le produit" href="http://www.refonte.auchandirect.fr/petit-déjeuner-epicerie-sucrée/petit-déjeuner/dosettes-de-café-x-18/id1/484/33183"><h2>AUCHAN</h2><h4>Dosettes de café x 18</h4><h4>Classic</h4><p>
270 g
<br/>
7.44€/kg
</p></a></div><div class="mini_picto_bas"><img src="http://www.refonte.auchandirect.fr/static/images/DLC-garantie-30j_small.jpg"/></div></div></div></td></tr><tr><td><!-- PL : ici --><div class="bloc-produit produit-auchan"><div class="bloc-produit-content"><a title="Voir le produit" href="http://www.refonte.auchandirect.fr/petit-déjeuner-epicerie-sucrée/petit-déjeuner/dosettes-de-café-x-18/id1/484/33184"><img src="http://www.refonte.auchandirect.fr/static/images/products/line/33184.jpg" alt="" class="produit "/></a><div class="picto"><span class="invisible"></span></div><div class="boutons-produit"><a id="addProductToBasket_14" onclick="javascript:Tapestry.waitForPage(event);" title="Ajouter au panier" class="bt-produit-ajout-panier" href="http://www.refonte.auchandirect.fr/rayon.productgridorlist.productlist_1.thumbnailproduct_0.addproducttobasket/33184?t:ac=484">Ajouter au panier</a><a id="addProductToShoppingList_26" onclick="javascript:Tapestry.waitForPage(event);" title="Ajouter à ma liste" class="bt-produit-ajout-liste" href="http://www.refonte.auchandirect.fr/rayon.productgridorlist.productlist_1.thumbnailproduct_0.addproducttoshoppinglist/33184?t:ac=484">Ajouter à ma liste</a></div><div class="infos-produit-1"><div class="prix-actuel"><span>2.01€</span></div></div><div class="infos-produit-2"><a title="Voir le produit" href="http://www.refonte.auchandirect.fr/petit-déjeuner-epicerie-sucrée/petit-déjeuner/dosettes-de-café-x-18/id1/484/33184"><h2>AUCHAN</h2><h4>Dosettes de café x 18</h4><h4>Corsé</h4><p>
125 g
<br/>
16.08€/kg
</p></a></div><div class="mini_picto_bas"><img src="http://www.refonte.auchandirect.fr/static/images/DLC-garantie-30j_small.jpg"/></div></div></div></td><td><!-- PL : ici --><div class="bloc-produit produit-auchan"><div class="bloc-produit-content"><a title="Voir le produit" href="http://www.refonte.auchandirect.fr/petit-déjeuner-epicerie-sucrée/petit-déjeuner/dosettes-de-café-x-18/id1/484/33185"><img src="http://www.refonte.auchandirect.fr/static/images/products/line/33185.jpg" alt="" class="produit "/></a><div class="picto"><span class="invisible"></span></div><div class="boutons-produit"><a id="addProductToBasket_15" onclick="javascript:Tapestry.waitForPage(event);" title="Ajouter au panier" class="bt-produit-ajout-panier" href="http://www.refonte.auchandirect.fr/rayon.productgridorlist.productlist_1.thumbnailproduct_0.addproducttobasket/33185?t:ac=484">Ajouter au panier</a><a id="addProductToShoppingList_27" onclick="javascript:Tapestry.waitForPage(event);" title="Ajouter à ma liste" class="bt-produit-ajout-liste" href="http://www.refonte.auchandirect.fr/rayon.productgridorlist.productlist_1.thumbnailproduct_0.addproducttoshoppinglist/33185?t:ac=484">Ajouter à ma liste</a></div><div class="infos-produit-1"><div class="prix-actuel"><span>2.30€</span></div></div><div class="infos-produit-2"><a title="Voir le produit" href="http://www.refonte.auchandirect.fr/petit-déjeuner-epicerie-sucrée/petit-déjeuner/dosettes-de-café-x-18/id1/484/33185"><h2>AUCHAN</h2><h4>Dosettes de café x 18</h4><h4>Brésil</h4><p>
125 g
<br/>
18.40€/kg
</p></a></div><div class="mini_picto_bas"><img src="http://www.refonte.auchandirect.fr/static/images/DLC-garantie-30j_small.jpg"/></div></div></div></td><td><!-- PL : ici --><div class="bloc-produit produit-auchan"><div class="bloc-produit-content"><a title="Voir le produit" href="http://www.refonte.auchandirect.fr/petit-déjeuner-epicerie-sucrée/petit-déjeuner/dosettes-de-café-x-36/id1/484/72432"><img src="http://www.refonte.auchandirect.fr/static/images/products/line/72432.jpg" alt="" class="produit "/></a><div class="picto"><span class="invisible"></span></div><div class="boutons-produit"><a id="addProductToBasket_16" onclick="javascript:Tapestry.waitForPage(event);" title="Ajouter au panier" class="bt-produit-ajout-panier" href="http://www.refonte.auchandirect.fr/rayon.productgridorlist.productlist_1.thumbnailproduct_0.addproducttobasket/72432?t:ac=484">Ajouter au panier</a><a id="addProductToShoppingList_28" onclick="javascript:Tapestry.waitForPage(event);" title="Ajouter à ma liste" class="bt-produit-ajout-liste" href="http://www.refonte.auchandirect.fr/rayon.productgridorlist.productlist_1.thumbnailproduct_0.addproducttoshoppinglist/72432?t:ac=484">Ajouter à ma liste</a></div><div class="infos-produit-1"><div class="prix-actuel"><span>3.36€</span></div></div><div class="infos-produit-2"><a title="Voir le produit" href="http://www.refonte.auchandirect.fr/petit-déjeuner-epicerie-sucrée/petit-déjeuner/dosettes-de-café-x-36/id1/484/72432"><h2>AUCHAN</h2><h4>Dosettes de café x 36</h4><h4>Classic</h4><p>
270 g
<br/>
12.44€/kg
</p></a></div><div class="mini_picto_bas"></div></div></div></td></tr><tr><td><!-- PL : ici --><div class="bloc-produit produit-auchan"><div class="bloc-produit-content"><a title="Voir le produit" href="http://www.refonte.auchandirect.fr/petit-déjeuner-epicerie-sucrée/petit-déjeuner/dosettes-de-café-x-36/id1/484/72621"><img src="http://www.refonte.auchandirect.fr/static/images/products/line/72621.jpg" alt="" class="produit "/></a><div class="picto"><span class="invisible"></span></div><div class="boutons-produit"><a id="addProductToBasket_17" onclick="javascript:Tapestry.waitForPage(event);" title="Ajouter au panier" class="bt-produit-ajout-panier" href="http://www.refonte.auchandirect.fr/rayon.productgridorlist.productlist_1.thumbnailproduct_0.addproducttobasket/72621?t:ac=484">Ajouter au panier</a><a id="addProductToShoppingList_29" onclick="javascript:Tapestry.waitForPage(event);" title="Ajouter à ma liste" class="bt-produit-ajout-liste" href="http://www.refonte.auchandirect.fr/rayon.productgridorlist.productlist_1.thumbnailproduct_0.addproducttoshoppinglist/72621?t:ac=484">Ajouter à ma liste</a></div><div class="infos-produit-1"><div class="prix-actuel"><span>3.35€</span></div></div><div class="infos-produit-2"><a title="Voir le produit" href="http://www.refonte.auchandirect.fr/petit-déjeuner-epicerie-sucrée/petit-déjeuner/dosettes-de-café-x-36/id1/484/72621"><h2>AUCHAN</h2><h4>Dosettes de café x 36</h4><h4>Corsé</h4><p>
270 g
<br/>
12.41€/kg
</p></a></div><div class="mini_picto_bas"></div></div></div></td><td><!-- PL : ici --><div class="bloc-produit produit-auchan"><div class="bloc-produit-content"><a title="Voir le produit" href="http://www.refonte.auchandirect.fr/animaux-maison/maison-pratique/filtres-à-café-n°-4-x-40/id1/505/1823"><img src="http://www.refonte.auchandirect.fr/static/images/products/line/1823.jpg" alt="" class="produit "/></a><div class="picto"><span class="invisible"></span></div><div class="boutons-produit"><a id="addProductToBasket_18" onclick="javascript:Tapestry.waitForPage(event);" title="Ajouter au panier" class="bt-produit-ajout-panier" href="http://www.refonte.auchandirect.fr/rayon.productgridorlist.productlist_1.thumbnailproduct_0.addproducttobasket/1823?t:ac=484">Ajouter au panier</a><a id="addProductToShoppingList_30" onclick="javascript:Tapestry.waitForPage(event);" title="Ajouter à ma liste" class="bt-produit-ajout-liste" href="http://www.refonte.auchandirect.fr/rayon.productgridorlist.productlist_1.thumbnailproduct_0.addproducttoshoppinglist/1823?t:ac=484">Ajouter à ma liste</a></div><div class="infos-produit-1"><div class="prix-actuel"><span>0.41€</span></div></div><div class="infos-produit-2"><a title="Voir le produit" href="http://www.refonte.auchandirect.fr/animaux-maison/maison-pratique/filtres-à-café-n°-4-x-40/id1/505/1823"><h2>AUCHAN</h2><h4>Filtres à café n° 4 x 40</h4><h4></h4><p>
1 pièce
<br/>
0.41€/pièce
</p></a></div><div class="mini_picto_bas"><img src="http://www.refonte.auchandirect.fr/static/images/DLC-garantie-30j_small.jpg"/></div></div></div></td><td><!-- PL : ici --><div class="bloc-produit produit-auchan bientot-dispo"><div class="bloc-produit-content"><a title="Voir le produit" href="http://www.refonte.auchandirect.fr/petit-déjeuner-epicerie-sucrée/petit-déjeuner/filtres-à-café-n°-4-x-80/id1/484/22578"><img src="http://www.refonte.auchandirect.fr/static/images/products/line/22578.jpg" alt="" class="produit "/></a><div class="picto"><span class="invisible"></span></div><div class="boutons-produit"><a class="bt-produit-ajout-panier disable" title="Bientôt disponible" href="javascript:void(0)">Bientôt disponible</a><a id="addProductToShoppingList_31" onclick="javascript:Tapestry.waitForPage(event);" title="Ajouter à ma liste" class="bt-produit-ajout-liste" href="http://www.refonte.auchandirect.fr/rayon.productgridorlist.productlist_1.thumbnailproduct_0.addproducttoshoppinglist/22578?t:ac=484">Ajouter à ma liste</a></div><div class="infos-produit-1"><div class="prix-actuel"><span>0.83€</span></div></div><div class="infos-produit-2"><a title="Voir le produit" href="http://www.refonte.auchandirect.fr/petit-déjeuner-epicerie-sucrée/petit-déjeuner/filtres-à-café-n°-4-x-80/id1/484/22578"><h2>AUCHAN</h2><h4>Filtres à café n° 4 x 80</h4><h4></h4><p>
1 pièce
<br/>
0.83€/pièce
</p></a></div><div class="mini_picto_bas"><img src="http://www.refonte.auchandirect.fr/static/images/DLC-garantie-30j_small.jpg"/></div></div></div></td></tr><tr><td><!-- PL : ici --><div class="bloc-produit nouveaute bientot-dispo"><div class="bloc-produit-content"><a title="Voir le produit" href="../filtres-caf%25C3%25A9-n%25C2%25B02-x-40/id1/484/72336.html"><img src="http://www.refonte.auchandirect.fr/static/images/products/line/72336.jpg" alt="" class="produit "/></a><div class="picto"><span class="invisible"></span></div><img alt="nouveauté" src="http://www.refonte.auchandirect.fr/static/images/ruban-nouveaute_small.png" class="ruban"/><div class="boutons-produit"><a class="bt-produit-ajout-panier disable" title="Bientôt disponible" href="javascript:void(0)">Bientôt disponible</a><a id="addProductToShoppingList_32" onclick="javascript:Tapestry.waitForPage(event);" title="Ajouter à ma liste" class="bt-produit-ajout-liste" href="http://www.refonte.auchandirect.fr/rayon.productgridorlist.productlist_1.thumbnailproduct_0.addproducttoshoppinglist/72336?t:ac=484">Ajouter à ma liste</a></div><div class="infos-produit-1"><div class="prix-actuel"><span>0.41€</span></div></div><div class="infos-produit-2"><a title="Voir le produit" href="../filtres-caf%25C3%25A9-n%25C2%25B02-x-40/id1/484/72336.html"><h2>AUCHAN</h2><h4>Filtres café n°2 x 40</h4><h4></h4><p>
1
<br/>
0.41€/pièce
</p></a></div><div class="mini_picto_bas"></div></div></div></td><td><!-- PL : ici --><div class="bloc-produit produit-auchan"><div class="bloc-produit-content"><a title="Voir le produit" href="http://www.refonte.auchandirect.fr/petit-déjeuner-epicerie-sucrée/petit-déjeuner/café-moulu-pur-arabica/id1/484/1188"><img src="http://www.refonte.auchandirect.fr/static/images/products/line/1188.jpg" alt="" class="produit "/></a><div class="picto"><span class="invisible"></span></div><div class="boutons-produit"><a id="addProductToBasket_19" onclick="javascript:Tapestry.waitForPage(event);" title="Ajouter au panier" class="bt-produit-ajout-panier" href="http://www.refonte.auchandirect.fr/rayon.productgridorlist.productlist_1.thumbnailproduct_0.addproducttobasket/1188?t:ac=484">Ajouter au panier</a><a id="addProductToShoppingList_33" onclick="javascript:Tapestry.waitForPage(event);" title="Ajouter à ma liste" class="bt-produit-ajout-liste" href="http://www.refonte.auchandirect.fr/rayon.productgridorlist.productlist_1.thumbnailproduct_0.addproducttoshoppinglist/1188?t:ac=484">Ajouter à ma liste</a></div><div class="infos-produit-1"><div class="prix-actuel"><span>4.40€</span></div></div><div class="infos-produit-2"><a title="Voir le produit" href="http://www.refonte.auchandirect.fr/petit-déjeuner-epicerie-sucrée/petit-déjeuner/café-moulu-pur-arabica/id1/484/1188"><h2>AUCHAN</h2><h4>Café moulu pur arabica</h4><h4></h4><p>
2 x 250 g
<br/>
8.80€/kg
</p></a></div><div class="mini_picto_bas"><img src="http://www.refonte.auchandirect.fr/static/images/DLC-garantie-30j_small.jpg"/></div></div></div></td><td><!-- PL : ici --><div class="bloc-produit produit-auchan"><div class="bloc-produit-content"><a title="Voir le produit" href="http://www.refonte.auchandirect.fr/petit-déjeuner-epicerie-sucrée/petit-déjeuner/café-moulu-pur-arabica/id1/484/1744"><img src="http://www.refonte.auchandirect.fr/static/images/products/line/1744.jpg" alt="" class="produit "/></a><div class="picto"><span class="invisible"></span></div><div class="boutons-produit"><a id="addProductToBasket_20" onclick="javascript:Tapestry.waitForPage(event);" title="Ajouter au panier" class="bt-produit-ajout-panier" href="http://www.refonte.auchandirect.fr/rayon.productgridorlist.productlist_1.thumbnailproduct_0.addproducttobasket/1744?t:ac=484">Ajouter au panier</a><a id="addProductToShoppingList_34" onclick="javascript:Tapestry.waitForPage(event);" title="Ajouter à ma liste" class="bt-produit-ajout-liste" href="http://www.refonte.auchandirect.fr/rayon.productgridorlist.productlist_1.thumbnailproduct_0.addproducttoshoppinglist/1744?t:ac=484">Ajouter à ma liste</a></div><div class="infos-produit-1"><div class="prix-actuel"><span>2.32€</span></div></div><div class="infos-produit-2"><a title="Voir le produit" href="http://www.refonte.auchandirect.fr/petit-déjeuner-epicerie-sucrée/petit-déjeuner/café-moulu-pur-arabica/id1/484/1744"><h2>AUCHAN</h2><h4>Café moulu pur arabica</h4><h4>Expresso</h4><p>
250 g
<br/>
9.28€/kg
</p></a></div><div class="mini_picto_bas"><img src="http://www.refonte.auchandirect.fr/static/images/DLC-garantie-30j_small.jpg"/></div></div></div></td></tr><tr><td><!-- PL : ici --><div class="bloc-produit produit-auchan"><div class="bloc-produit-content"><a title="Voir le produit" href="http://www.refonte.auchandirect.fr/petit-déjeuner-epicerie-sucrée/petit-déjeuner/café-moulu-pur-arabica/id1/484/37645"><img src="http://www.refonte.auchandirect.fr/static/images/products/line/37645.jpg" alt="" class="produit "/></a><div class="picto"><span class="invisible"></span></div><div class="boutons-produit"><a id="addProductToBasket_21" onclick="javascript:Tapestry.waitForPage(event);" title="Ajouter au panier" class="bt-produit-ajout-panier" href="http://www.refonte.auchandirect.fr/rayon.productgridorlist.productlist_1.thumbnailproduct_0.addproducttobasket/37645?t:ac=484">Ajouter au panier</a><a id="addProductToShoppingList_35" onclick="javascript:Tapestry.waitForPage(event);" title="Ajouter à ma liste" class="bt-produit-ajout-liste" href="http://www.refonte.auchandirect.fr/rayon.productgridorlist.productlist_1.thumbnailproduct_0.addproducttoshoppinglist/37645?t:ac=484">Ajouter à ma liste</a></div><div class="infos-produit-1"><div class="prix-actuel"><span>2.54€</span></div></div><div class="infos-produit-2"><a title="Voir le produit" href="http://www.refonte.auchandirect.fr/petit-déjeuner-epicerie-sucrée/petit-déjeuner/café-moulu-pur-arabica/id1/484/37645"><h2>AUCHAN</h2><h4>Café moulu pur arabica</h4><h4>Dégustation</h4><p>
250 g
<br/>
10.16€/kg
</p></a></div><div class="mini_picto_bas"><img src="http://www.refonte.auchandirect.fr/static/images/DLC-garantie-30j_small.jpg"/></div></div></div></td><td><!-- PL : ici --><div class="bloc-produit produit-auchan"><div class="bloc-produit-content"><a title="Voir le produit" href="http://www.refonte.auchandirect.fr/petit-déjeuner-epicerie-sucrée/petit-déjeuner/café-moulu-pur-arabica/id1/484/37902"><img src="http://www.refonte.auchandirect.fr/static/images/products/line/37902.jpg" alt="" class="produit "/></a><div class="picto"><span class="invisible"></span></div><div class="boutons-produit"><a id="addProductToBasket_22" onclick="javascript:Tapestry.waitForPage(event);" title="Ajouter au panier" class="bt-produit-ajout-panier" href="http://www.refonte.auchandirect.fr/rayon.productgridorlist.productlist_1.thumbnailproduct_0.addproducttobasket/37902?t:ac=484">Ajouter au panier</a><a id="addProductToShoppingList_36" onclick="javascript:Tapestry.waitForPage(event);" title="Ajouter à ma liste" class="bt-produit-ajout-liste" href="http://www.refonte.auchandirect.fr/rayon.productgridorlist.productlist_1.thumbnailproduct_0.addproducttoshoppinglist/37902?t:ac=484">Ajouter à ma liste</a></div><div class="infos-produit-1"><div class="prix-actuel"><span>2.73€</span></div></div><div class="infos-produit-2"><a title="Voir le produit" href="http://www.refonte.auchandirect.fr/petit-déjeuner-epicerie-sucrée/petit-déjeuner/café-moulu-pur-arabica/id1/484/37902"><h2>AUCHAN</h2><h4>Café moulu pur arabica</h4><h4>Etiopia</h4><p>
250 g
<br/>
10.92€/kg
</p></a></div><div class="mini_picto_bas"><img src="http://www.refonte.auchandirect.fr/static/images/DLC-garantie-30j_small.jpg"/></div></div></div></td><td><!-- PL : ici --><div class="bloc-produit produit-auchan bientot-dispo"><div class="bloc-produit-content"><a title="Voir le produit" href="http://www.refonte.auchandirect.fr/petit-déjeuner-epicerie-sucrée/petit-déjeuner/café-moulu-pur-arabica/id1/484/37940"><img src="http://www.refonte.auchandirect.fr/static/images/products/line/37940.jpg" alt="" class="produit "/></a><div class="picto"><span class="invisible"></span></div><div class="boutons-produit"><a class="bt-produit-ajout-panier disable" title="Bientôt disponible" href="javascript:void(0)">Bientôt disponible</a><a id="addProductToShoppingList_37" onclick="javascript:Tapestry.waitForPage(event);" title="Ajouter à ma liste" class="bt-produit-ajout-liste" href="http://www.refonte.auchandirect.fr/rayon.productgridorlist.productlist_1.thumbnailproduct_0.addproducttoshoppinglist/37940?t:ac=484">Ajouter à ma liste</a></div><div class="infos-produit-1"><div class="prix-actuel"><span>2.10€</span></div></div><div class="infos-produit-2"><a title="Voir le produit" href="http://www.refonte.auchandirect.fr/petit-déjeuner-epicerie-sucrée/petit-déjeuner/café-moulu-pur-arabica/id1/484/37940"><h2>AUCHAN</h2><h4>Café moulu pur arabica</h4><h4>Brazil</h4><p>
250 g
<br/>
8.40€/kg
</p></a></div><div class="mini_picto_bas"><img src="http://www.refonte.auchandirect.fr/static/images/DLC-garantie-30j_small.jpg"/></div></div></div></td></tr><tr><td><!-- PL : ici --><div class="bloc-produit produit-auchan"><div class="bloc-produit-content"><a title="Voir le produit" href="http://www.refonte.auchandirect.fr/petit-déjeuner-epicerie-sucrée/petit-déjeuner/café-pur-arabica/id1/484/40499"><img src="http://www.refonte.auchandirect.fr/static/images/products/line/40499.jpg" alt="" class="produit "/></a><div class="picto"><span class="invisible"></span></div><div class="boutons-produit"><a id="addProductToBasket_23" onclick="javascript:Tapestry.waitForPage(event);" title="Ajouter au panier" class="bt-produit-ajout-panier" href="http://www.refonte.auchandirect.fr/rayon.productgridorlist.productlist_1.thumbnailproduct_0.addproducttobasket/40499?t:ac=484">Ajouter au panier</a><a id="addProductToShoppingList_38" onclick="javascript:Tapestry.waitForPage(event);" title="Ajouter à ma liste" class="bt-produit-ajout-liste" href="http://www.refonte.auchandirect.fr/rayon.productgridorlist.productlist_1.thumbnailproduct_0.addproducttoshoppinglist/40499?t:ac=484">Ajouter à ma liste</a></div><div class="infos-produit-1"><div class="prix-actuel"><span>2.70€</span></div></div><div class="infos-produit-2"><a title="Voir le produit" href="http://www.refonte.auchandirect.fr/petit-déjeuner-epicerie-sucrée/petit-déjeuner/café-pur-arabica/id1/484/40499"><h2>AUCHAN</h2><h4>Café pur arabica</h4><h4>Colombia</h4><p>
250 g
<br/>
10.80€/kg
</p></a></div><div class="mini_picto_bas"><img src="http://www.refonte.auchandirect.fr/static/images/DLC-garantie-30j_small.jpg"/></div></div></div></td><td><!-- PL : ici --><div class="bloc-produit produit-auchan"><div class="bloc-produit-content"><a title="Voir le produit" href="http://www.refonte.auchandirect.fr/petit-déjeuner-epicerie-sucrée/petit-déjeuner/cafe-moulu-arabica/id1/484/46596"><img src="http://www.refonte.auchandirect.fr/static/images/products/line/46596.jpg" alt="" class="produit "/></a><div class="picto"><span class="invisible"></span></div><div class="boutons-produit"><a id="addProductToBasket_24" onclick="javascript:Tapestry.waitForPage(event);" title="Ajouter au panier" class="bt-produit-ajout-panier" href="http://www.refonte.auchandirect.fr/rayon.productgridorlist.productlist_1.thumbnailproduct_0.addproducttobasket/46596?t:ac=484">Ajouter au panier</a><a id="addProductToShoppingList_39" onclick="javascript:Tapestry.waitForPage(event);" title="Ajouter à ma liste" class="bt-produit-ajout-liste" href="http://www.refonte.auchandirect.fr/rayon.productgridorlist.productlist_1.thumbnailproduct_0.addproducttoshoppinglist/46596?t:ac=484">Ajouter à ma liste</a></div><div class="infos-produit-1"><div class="prix-actuel"><span>4.66€</span></div></div><div class="infos-produit-2"><a title="Voir le produit" href="http://www.refonte.auchandirect.fr/petit-déjeuner-epicerie-sucrée/petit-déjeuner/cafe-moulu-arabica/id1/484/46596"><h2>AUCHAN</h2><h4>Cafe moulu arabica</h4><h4>Doux</h4><p>
2 x 250 g
<br/>
9.32€/kg
</p></a></div><div class="mini_picto_bas"><img src="http://www.refonte.auchandirect.fr/static/images/DLC-garantie-30j_small.jpg"/></div></div></div></td><td><!-- PL : ici --><div class="bloc-produit produit-auchan"><div class="bloc-produit-content"><a title="Voir le produit" href="http://www.refonte.auchandirect.fr/petit-déjeuner-epicerie-sucrée/petit-déjeuner/infusion/id1/484/55576"><img src="http://www.refonte.auchandirect.fr/static/images/products/line/55576.jpg" alt="" class="produit "/></a><div class="picto"><span class="invisible"></span></div><div class="boutons-produit"><a id="addProductToBasket_25" onclick="javascript:Tapestry.waitForPage(event);" title="Ajouter au panier" class="bt-produit-ajout-panier" href="http://www.refonte.auchandirect.fr/rayon.productgridorlist.productlist_1.thumbnailproduct_0.addproducttobasket/55576?t:ac=484">Ajouter au panier</a><a id="addProductToShoppingList_40" onclick="javascript:Tapestry.waitForPage(event);" title="Ajouter à ma liste" class="bt-produit-ajout-liste" href="http://www.refonte.auchandirect.fr/rayon.productgridorlist.productlist_1.thumbnailproduct_0.addproducttoshoppinglist/55576?t:ac=484">Ajouter à ma liste</a></div><div class="infos-produit-1"><div class="prix-actuel"><span>1.51€</span></div></div><div class="infos-produit-2"><a title="Voir le produit" href="http://www.refonte.auchandirect.fr/petit-déjeuner-epicerie-sucrée/petit-déjeuner/infusion/id1/484/55576"><h2>AUCHAN</h2><h4>Infusion</h4><h4>Fruits rouges</h4><p>
40 g
<br/>
37.75€/kg
</p></a></div><div class="mini_picto_bas"><img src="http://www.refonte.auchandirect.fr/static/images/DLC-garantie-30j_small.jpg"/></div></div></div></td></tr><tr><td><!-- PL : ici --><div class="bloc-produit produit-auchan"><div class="bloc-produit-content"><a title="Voir le produit" href="http://www.refonte.auchandirect.fr/petit-déjeuner-epicerie-sucrée/petit-déjeuner/infusion/id1/484/20529"><img src="http://www.refonte.auchandirect.fr/static/images/products/line/20529.jpg" alt="" class="produit "/></a><div class="picto"><span class="invisible"></span></div><div class="boutons-produit"><a id="addProductToBasket_26" onclick="javascript:Tapestry.waitForPage(event);" title="Ajouter au panier" class="bt-produit-ajout-panier" href="http://www.refonte.auchandirect.fr/rayon.productgridorlist.productlist_1.thumbnailproduct_0.addproducttobasket/20529?t:ac=484">Ajouter au panier</a><a id="addProductToShoppingList_41" onclick="javascript:Tapestry.waitForPage(event);" title="Ajouter à ma liste" class="bt-produit-ajout-liste" href="http://www.refonte.auchandirect.fr/rayon.productgridorlist.productlist_1.thumbnailproduct_0.addproducttoshoppinglist/20529?t:ac=484">Ajouter à ma liste</a></div><div class="infos-produit-1"><div class="prix-actuel"><span>1.25€</span></div></div><div class="infos-produit-2"><a title="Voir le produit" href="http://www.refonte.auchandirect.fr/petit-déjeuner-epicerie-sucrée/petit-déjeuner/infusion/id1/484/20529"><h2>AUCHAN</h2><h4>Infusion</h4><h4>Verveine menthe</h4><p>
40 g
<br/>
31.25€/kg
</p></a></div><div class="mini_picto_bas"><img src="http://www.refonte.auchandirect.fr/static/images/DLC-garantie-30j_small.jpg"/></div></div></div></td><td><!-- PL : ici --><div class="bloc-produit produit-auchan"><div class="bloc-produit-content"><a title="Voir le produit" href="http://www.refonte.auchandirect.fr/petit-déjeuner-epicerie-sucrée/petit-déjeuner/infusion/id1/484/28152"><img src="http://www.refonte.auchandirect.fr/static/images/products/line/28152.jpg" alt="" class="produit "/></a><div class="picto"><span class="invisible"></span></div><div class="boutons-produit"><a id="addProductToBasket_27" onclick="javascript:Tapestry.waitForPage(event);" title="Ajouter au panier" class="bt-produit-ajout-panier" href="http://www.refonte.auchandirect.fr/rayon.productgridorlist.productlist_1.thumbnailproduct_0.addproducttobasket/28152?t:ac=484">Ajouter au panier</a><a id="addProductToShoppingList_42" onclick="javascript:Tapestry.waitForPage(event);" title="Ajouter à ma liste" class="bt-produit-ajout-liste" href="http://www.refonte.auchandirect.fr/rayon.productgridorlist.productlist_1.thumbnailproduct_0.addproducttoshoppinglist/28152?t:ac=484">Ajouter à ma liste</a></div><div class="infos-produit-1"><div class="prix-actuel"><span>1.24€</span></div></div><div class="infos-produit-2"><a title="Voir le produit" href="http://www.refonte.auchandirect.fr/petit-déjeuner-epicerie-sucrée/petit-déjeuner/infusion/id1/484/28152"><h2>AUCHAN</h2><h4>Infusion</h4><h4>Verveine</h4><p>
65 g
<br/>
19.08€/kg
</p></a></div><div class="mini_picto_bas"><img src="http://www.refonte.auchandirect.fr/static/images/DLC-garantie-30j_small.jpg"/></div></div></div></td><td><!-- PL : ici --><div class="bloc-produit produit-auchan"><div class="bloc-produit-content"><a title="Voir le produit" href="http://www.refonte.auchandirect.fr/petit-déjeuner-epicerie-sucrée/petit-déjeuner/infusion/id1/484/20530"><img src="http://www.refonte.auchandirect.fr/static/images/products/line/20530.jpg" alt="" class="produit "/></a><div class="picto"><span class="invisible"></span></div><div class="boutons-produit"><a id="addProductToBasket_28" onclick="javascript:Tapestry.waitForPage(event);" title="Ajouter au panier" class="bt-produit-ajout-panier" href="http://www.refonte.auchandirect.fr/rayon.productgridorlist.productlist_1.thumbnailproduct_0.addproducttobasket/20530?t:ac=484">Ajouter au panier</a><a id="addProductToShoppingList_43" onclick="javascript:Tapestry.waitForPage(event);" title="Ajouter à ma liste" class="bt-produit-ajout-liste" href="http://www.refonte.auchandirect.fr/rayon.productgridorlist.productlist_1.thumbnailproduct_0.addproducttoshoppinglist/20530?t:ac=484">Ajouter à ma liste</a></div><div class="infos-produit-1"><div class="prix-actuel"><span>1.20€</span></div></div><div class="infos-produit-2"><a title="Voir le produit" href="http://www.refonte.auchandirect.fr/petit-déjeuner-epicerie-sucrée/petit-déjeuner/infusion/id1/484/20530"><h2>AUCHAN</h2><h4>Infusion</h4><h4>Tilleul menthe</h4><p>
40 g
<br/>
30.00€/kg
</p></a></div><div class="mini_picto_bas"><img src="http://www.refonte.auchandirect.fr/static/images/DLC-garantie-30j_small.jpg"/></div></div></div></td></tr><tr><td><!-- PL : ici --><div class="bloc-produit produit-auchan"><div class="bloc-produit-content"><a title="Voir le produit" href="http://www.refonte.auchandirect.fr/petit-déjeuner-epicerie-sucrée/petit-déjeuner/infusion/id1/484/20531"><img src="http://www.refonte.auchandirect.fr/static/images/products/line/20531.jpg" alt="" class="produit "/></a><div class="picto"><span class="invisible"></span></div><div class="boutons-produit"><a id="addProductToBasket_29" onclick="javascript:Tapestry.waitForPage(event);" title="Ajouter au panier" class="bt-produit-ajout-panier" href="http://www.refonte.auchandirect.fr/rayon.productgridorlist.productlist_1.thumbnailproduct_0.addproducttobasket/20531?t:ac=484">Ajouter au panier</a><a id="addProductToShoppingList_44" onclick="javascript:Tapestry.waitForPage(event);" title="Ajouter à ma liste" class="bt-produit-ajout-liste" href="http://www.refonte.auchandirect.fr/rayon.productgridorlist.productlist_1.thumbnailproduct_0.addproducttoshoppinglist/20531?t:ac=484">Ajouter à ma liste</a></div><div class="infos-produit-1"><div class="prix-actuel"><span>1.38€</span></div></div><div class="infos-produit-2"><a title="Voir le produit" href="http://www.refonte.auchandirect.fr/petit-déjeuner-epicerie-sucrée/petit-déjeuner/infusion/id1/484/20531"><h2>AUCHAN</h2><h4>Infusion</h4><h4>Camomille</h4><p>
32,5 g
<br/>
41.82€/kg
</p></a></div><div class="mini_picto_bas"><img src="http://www.refonte.auchandirect.fr/static/images/DLC-garantie-30j_small.jpg"/></div></div></div></td><td><!-- PL : ici --><div class="bloc-produit produit-auchan"><div class="bloc-produit-content"><a title="Voir le produit" href="http://www.refonte.auchandirect.fr/petit-déjeuner-epicerie-sucrée/petit-déjeuner/thé-noir-bergamote/id1/484/38954"><img src="http://www.refonte.auchandirect.fr/static/images/products/line/38954.jpg" alt="" class="produit "/></a><div class="picto"><span class="invisible"></span></div><div class="boutons-produit"><a id="addProductToBasket_30" onclick="javascript:Tapestry.waitForPage(event);" title="Ajouter au panier" class="bt-produit-ajout-panier" href="http://www.refonte.auchandirect.fr/rayon.productgridorlist.productlist_1.thumbnailproduct_0.addproducttobasket/38954?t:ac=484">Ajouter au panier</a><a id="addProductToShoppingList_45" onclick="javascript:Tapestry.waitForPage(event);" title="Ajouter à ma liste" class="bt-produit-ajout-liste" href="http://www.refonte.auchandirect.fr/rayon.productgridorlist.productlist_1.thumbnailproduct_0.addproducttoshoppinglist/38954?t:ac=484">Ajouter à ma liste</a></div><div class="infos-produit-1"><div class="prix-actuel"><span>1.10€</span></div></div><div class="infos-produit-2"><a title="Voir le produit" href="http://www.refonte.auchandirect.fr/petit-déjeuner-epicerie-sucrée/petit-déjeuner/thé-noir-bergamote/id1/484/38954"><h2>AUCHAN</h2><h4>Thé noir bergamote</h4><h4>Earl Grey</h4><p>
50 g
<br/>
22.00€/kg
</p></a></div><div class="mini_picto_bas"><img src="http://www.refonte.auchandirect.fr/static/images/DLC-garantie-30j_small.jpg"/></div></div></div></td><td><!-- PL : ici --><div class="bloc-produit produit-auchan"><div class="bloc-produit-content"><a title="Voir le produit" href="http://www.refonte.auchandirect.fr/petit-déjeuner-epicerie-sucrée/petit-déjeuner/thé-noir-pour-petit-déjeuner/id1/484/2732"><img src="http://www.refonte.auchandirect.fr/static/images/products/line/2732.jpg" alt="" class="produit "/></a><div class="picto"><span class="invisible"></span></div><div class="boutons-produit"><a id="addProductToBasket_31" onclick="javascript:Tapestry.waitForPage(event);" title="Ajouter au panier" class="bt-produit-ajout-panier" href="http://www.refonte.auchandirect.fr/rayon.productgridorlist.productlist_1.thumbnailproduct_0.addproducttobasket/2732?t:ac=484">Ajouter au panier</a><a id="addProductToShoppingList_46" onclick="javascript:Tapestry.waitForPage(event);" title="Ajouter à ma liste" class="bt-produit-ajout-liste" href="http://www.refonte.auchandirect.fr/rayon.productgridorlist.productlist_1.thumbnailproduct_0.addproducttoshoppinglist/2732?t:ac=484">Ajouter à ma liste</a></div><div class="infos-produit-1"><div class="prix-actuel"><span>0.95€</span></div></div><div class="infos-produit-2"><a title="Voir le produit" href="http://www.refonte.auchandirect.fr/petit-déjeuner-epicerie-sucrée/petit-déjeuner/thé-noir-pour-petit-déjeuner/id1/484/2732"><h2>AUCHAN</h2><h4>Thé noir pour petit déjeuner</h4><h4>Breakfast tea</h4><p>
50 g
<br/>
19.00€/kg
</p></a></div><div class="mini_picto_bas"><img src="http://www.refonte.auchandirect.fr/static/images/DLC-garantie-30j_small.jpg"/></div></div></div></td></tr><tr><td><!-- PL : ici --><div class="bloc-produit produit-auchan"><div class="bloc-produit-content"><a title="Voir le produit" href="http://www.refonte.auchandirect.fr/petit-déjeuner-epicerie-sucrée/petit-déjeuner/thé-aromatisé/id1/484/42699"><img src="http://www.refonte.auchandirect.fr/static/images/products/line/42699.jpg" alt="" class="produit "/></a><div class="picto"><span class="invisible"></span></div><div class="boutons-produit"><a id="addProductToBasket_32" onclick="javascript:Tapestry.waitForPage(event);" title="Ajouter au panier" class="bt-produit-ajout-panier" href="http://www.refonte.auchandirect.fr/rayon.productgridorlist.productlist_1.thumbnailproduct_0.addproducttobasket/42699?t:ac=484">Ajouter au panier</a><a id="addProductToShoppingList_47" onclick="javascript:Tapestry.waitForPage(event);" title="Ajouter à ma liste" class="bt-produit-ajout-liste" href="http://www.refonte.auchandirect.fr/rayon.productgridorlist.productlist_1.thumbnailproduct_0.addproducttoshoppinglist/42699?t:ac=484">Ajouter à ma liste</a></div><div class="infos-produit-1"><div class="prix-actuel"><span>0.93€</span></div></div><div class="infos-produit-2"><a title="Voir le produit" href="http://www.refonte.auchandirect.fr/petit-déjeuner-epicerie-sucrée/petit-déjeuner/thé-aromatisé/id1/484/42699"><h2>AUCHAN</h2><h4>Thé aromatisé</h4><h4>Citron</h4><p>
50 g
<br/>
18.60€/kg
</p></a></div><div class="mini_picto_bas"><img src="http://www.refonte.auchandirect.fr/static/images/DLC-garantie-30j_small.jpg"/></div></div></div></td><td><!-- PL : ici --><div class="bloc-produit produit-auchan"><div class="bloc-produit-content"><a title="Voir le produit" href="http://www.refonte.auchandirect.fr/petit-déjeuner-epicerie-sucrée/petit-déjeuner/thé-aromatisé/id1/484/6456"><img src="http://www.refonte.auchandirect.fr/static/images/products/line/6456.jpg" alt="" class="produit "/></a><div class="picto"><span class="invisible"></span></div><div class="boutons-produit"><a id="addProductToBasket_33" onclick="javascript:Tapestry.waitForPage(event);" title="Ajouter au panier" class="bt-produit-ajout-panier" href="http://www.refonte.auchandirect.fr/rayon.productgridorlist.productlist_1.thumbnailproduct_0.addproducttobasket/6456?t:ac=484">Ajouter au panier</a><a id="addProductToShoppingList_48" onclick="javascript:Tapestry.waitForPage(event);" title="Ajouter à ma liste" class="bt-produit-ajout-liste" href="http://www.refonte.auchandirect.fr/rayon.productgridorlist.productlist_1.thumbnailproduct_0.addproducttoshoppinglist/6456?t:ac=484">Ajouter à ma liste</a></div><div class="infos-produit-1"><div class="prix-actuel"><span>1.11€</span></div></div><div class="infos-produit-2"><a title="Voir le produit" href="http://www.refonte.auchandirect.fr/petit-déjeuner-epicerie-sucrée/petit-déjeuner/thé-aromatisé/id1/484/6456"><h2>AUCHAN</h2><h4>Thé aromatisé</h4><h4>Mûre fraises des bois</h4><p>
50 g
<br/>
22.20€/kg
</p></a></div><div class="mini_picto_bas"><img src="http://www.refonte.auchandirect.fr/static/images/DLC-garantie-30j_small.jpg"/></div></div></div></td><td><!-- PL : ici --><div class="bloc-produit produit-auchan bientot-dispo"><div class="bloc-produit-content"><a title="Voir le produit" href="http://www.refonte.auchandirect.fr/petit-déjeuner-epicerie-sucrée/petit-déjeuner/thé-vert-aromatisé/id1/484/38266"><img src="http://www.refonte.auchandirect.fr/static/images/products/line/38266.jpg" alt="" class="produit "/></a><div class="picto"><span class="invisible"></span></div><div class="boutons-produit"><a class="bt-produit-ajout-panier disable" title="Bientôt disponible" href="javascript:void(0)">Bientôt disponible</a><a id="addProductToShoppingList_49" onclick="javascript:Tapestry.waitForPage(event);" title="Ajouter à ma liste" class="bt-produit-ajout-liste" href="http://www.refonte.auchandirect.fr/rayon.productgridorlist.productlist_1.thumbnailproduct_0.addproducttoshoppinglist/38266?t:ac=484">Ajouter à ma liste</a></div><div class="infos-produit-1"><div class="prix-actuel"><span>0.99€</span></div></div><div class="infos-produit-2"><a title="Voir le produit" href="http://www.refonte.auchandirect.fr/petit-déjeuner-epicerie-sucrée/petit-déjeuner/thé-vert-aromatisé/id1/484/38266"><h2>AUCHAN</h2><h4>Thé vert aromatisé</h4><h4>Menthe</h4><p>
50 g
<br/>
19.80€/kg
</p></a></div><div class="mini_picto_bas"><img src="http://www.refonte.auchandirect.fr/static/images/DLC-garantie-30j_small.jpg"/></div></div></div></td></tr><tr><td><!-- PL : ici --><div class="bloc-produit produit-auchan"><div class="bloc-produit-content"><a title="Voir le produit" href="http://www.refonte.auchandirect.fr/petit-déjeuner-epicerie-sucrée/petit-déjeuner/thé-vert-de-chine/id1/484/26339"><img src="http://www.refonte.auchandirect.fr/static/images/products/line/26339.jpg" alt="" class="produit "/></a><div class="picto"><span class="invisible"></span></div><div class="boutons-produit"><a id="addProductToBasket_34" onclick="javascript:Tapestry.waitForPage(event);" title="Ajouter au panier" class="bt-produit-ajout-panier" href="http://www.refonte.auchandirect.fr/rayon.productgridorlist.productlist_1.thumbnailproduct_0.addproducttobasket/26339?t:ac=484">Ajouter au panier</a><a id="addProductToShoppingList_50" onclick="javascript:Tapestry.waitForPage(event);" title="Ajouter à ma liste" class="bt-produit-ajout-liste" href="http://www.refonte.auchandirect.fr/rayon.productgridorlist.productlist_1.thumbnailproduct_0.addproducttoshoppinglist/26339?t:ac=484">Ajouter à ma liste</a></div><div class="infos-produit-1"><div class="prix-actuel"><span>1.39€</span></div></div><div class="infos-produit-2"><a title="Voir le produit" href="http://www.refonte.auchandirect.fr/petit-déjeuner-epicerie-sucrée/petit-déjeuner/thé-vert-de-chine/id1/484/26339"><h2>AUCHAN</h2><h4>Thé vert de chine</h4><h4></h4><p>
65 g
<br/>
21.38€/kg
</p></a></div><div class="mini_picto_bas"><img src="http://www.refonte.auchandirect.fr/static/images/DLC-garantie-30j_small.jpg"/></div></div></div></td><td><!-- PL : ici --><div class="bloc-produit produit-auchan"><div class="bloc-produit-content"><a title="Voir le produit" href="http://www.refonte.auchandirect.fr/petit-déjeuner-epicerie-sucrée/bien-etre,-forme/barres-céréales-chocolat-sans-gluten/id1/431988/58857"><img src="http://www.refonte.auchandirect.fr/static/images/products/line/58857.jpg" alt="" class="produit "/></a><div class="picto"><span class="invisible"></span></div><div class="boutons-produit"><a id="addProductToBasket_35" onclick="javascript:Tapestry.waitForPage(event);" title="Ajouter au panier" class="bt-produit-ajout-panier" href="http://www.refonte.auchandirect.fr/rayon.productgridorlist.productlist_1.thumbnailproduct_0.addproducttobasket/58857?t:ac=484">Ajouter au panier</a><a id="addProductToShoppingList_51" onclick="javascript:Tapestry.waitForPage(event);" title="Ajouter à ma liste" class="bt-produit-ajout-liste" href="http://www.refonte.auchandirect.fr/rayon.productgridorlist.productlist_1.thumbnailproduct_0.addproducttoshoppinglist/58857?t:ac=484">Ajouter à ma liste</a></div><div class="infos-produit-1"><div class="prix-actuel"><span>3.42€</span></div></div><div class="infos-produit-2"><a title="Voir le produit" href="http://www.refonte.auchandirect.fr/petit-déjeuner-epicerie-sucrée/bien-etre,-forme/barres-céréales-chocolat-sans-gluten/id1/431988/58857"><h2>AUCHAN</h2><h4>Barres céréales chocolat sans gluten</h4><h4>Mieux vivre</h4><p>
129 g
<br/>
26.31€/kg
</p></a></div><div class="mini_picto_bas"><img src="http://www.refonte.auchandirect.fr/static/images/DLC-garantie-30j_small.jpg"/></div></div></div></td><td><!-- PL : ici --><div class="bloc-produit produit-auchan bientot-dispo"><div class="bloc-produit-content"><a title="Voir le produit" href="http://www.refonte.auchandirect.fr/petit-déjeuner-epicerie-sucrée/biscuits,-goûters/barre-de-céréales/id1/483/41978"><img src="http://www.refonte.auchandirect.fr/static/images/products/line/41978.jpg" alt="" class="produit "/></a><div class="picto"><span class="invisible"></span></div><div class="boutons-produit"><a class="bt-produit-ajout-panier disable" title="Bientôt disponible" href="javascript:void(0)">Bientôt disponible</a><a id="addProductToShoppingList_52" onclick="javascript:Tapestry.waitForPage(event);" title="Ajouter à ma liste" class="bt-produit-ajout-liste" href="http://www.refonte.auchandirect.fr/rayon.productgridorlist.productlist_1.thumbnailproduct_0.addproducttoshoppinglist/41978?t:ac=484">Ajouter à ma liste</a></div><div class="infos-produit-1"><div class="prix-actuel"><span>1.43€</span></div></div><div class="infos-produit-2"><a title="Voir le produit" href="http://www.refonte.auchandirect.fr/petit-déjeuner-epicerie-sucrée/biscuits,-goûters/barre-de-céréales/id1/483/41978"><h2>AUCHAN</h2><h4>Barre de céréales</h4><h4>Abricot</h4><p>
125 g
<br/>
11.44€/kg
</p></a></div><div class="mini_picto_bas"><img src="http://www.refonte.auchandirect.fr/static/images/DLC-garantie-30j_small.jpg"/></div></div></div></td></tr><tr><td><!-- PL : ici --><div class="bloc-produit produit-auchan"><div class="bloc-produit-content"><a title="Voir le produit" href="http://www.refonte.auchandirect.fr/petit-déjeuner-epicerie-sucrée/biscuits,-goûters/barres-céréales-x-6/id1/483/22950"><img src="http://www.refonte.auchandirect.fr/static/images/products/line/22950.jpg" alt="" class="produit "/></a><div class="picto"><span class="invisible"></span></div><div class="boutons-produit"><a id="addProductToBasket_36" onclick="javascript:Tapestry.waitForPage(event);" title="Ajouter au panier" class="bt-produit-ajout-panier" href="http://www.refonte.auchandirect.fr/rayon.productgridorlist.productlist_1.thumbnailproduct_0.addproducttobasket/22950?t:ac=484">Ajouter au panier</a><a id="addProductToShoppingList_53" onclick="javascript:Tapestry.waitForPage(event);" title="Ajouter à ma liste" class="bt-produit-ajout-liste" href="http://www.refonte.auchandirect.fr/rayon.productgridorlist.productlist_1.thumbnailproduct_0.addproducttoshoppinglist/22950?t:ac=484">Ajouter à ma liste</a></div><div class="infos-produit-1"><div class="prix-actuel"><span>1.33€</span></div></div><div class="infos-produit-2"><a title="Voir le produit" href="http://www.refonte.auchandirect.fr/petit-déjeuner-epicerie-sucrée/biscuits,-goûters/barres-céréales-x-6/id1/483/22950"><h2>AUCHAN</h2><h4>Barres céréales x 6</h4><h4>Fruits rouges</h4><p>
125 g
<br/>
10.64€/kg
</p></a></div><div class="mini_picto_bas"><img src="http://www.refonte.auchandirect.fr/static/images/DLC-garantie-30j_small.jpg"/></div></div></div></td><td><!-- PL : ici --><div class="bloc-produit produit-auchan"><div class="bloc-produit-content"><a title="Voir le produit" href="http://www.refonte.auchandirect.fr/petit-déjeuner-epicerie-sucrée/biscuits,-goûters/barres-céréales-x-6/id1/483/22951"><img src="http://www.refonte.auchandirect.fr/static/images/products/line/22951.jpg" alt="" class="produit "/></a><div class="picto"><span class="invisible"></span></div><div class="boutons-produit"><a id="addProductToBasket_37" onclick="javascript:Tapestry.waitForPage(event);" title="Ajouter au panier" class="bt-produit-ajout-panier" href="http://www.refonte.auchandirect.fr/rayon.productgridorlist.productlist_1.thumbnailproduct_0.addproducttobasket/22951?t:ac=484">Ajouter au panier</a><a id="addProductToShoppingList_54" onclick="javascript:Tapestry.waitForPage(event);" title="Ajouter à ma liste" class="bt-produit-ajout-liste" href="http://www.refonte.auchandirect.fr/rayon.productgridorlist.productlist_1.thumbnailproduct_0.addproducttoshoppinglist/22951?t:ac=484">Ajouter à ma liste</a></div><div class="infos-produit-1"><div class="prix-actuel"><span>1.33€</span></div></div><div class="infos-produit-2"><a title="Voir le produit" href="http://www.refonte.auchandirect.fr/petit-déjeuner-epicerie-sucrée/biscuits,-goûters/barres-céréales-x-6/id1/483/22951"><h2>AUCHAN</h2><h4>Barres céréales x 6</h4><h4>Chocolat noir</h4><p>
125 g
<br/>
10.64€/kg
</p></a></div><div class="mini_picto_bas"><img src="http://www.refonte.auchandirect.fr/static/images/DLC-garantie-30j_small.jpg"/></div></div></div></td><td><!-- PL : ici --><div class="bloc-produit produit-auchan"><div class="bloc-produit-content"><a title="Voir le produit" href="http://www.refonte.auchandirect.fr/petit-déjeuner-epicerie-sucrée/petit-déjeuner/céréales-aux-fruits/id1/484/40649"><img src="http://www.refonte.auchandirect.fr/static/images/products/line/40649.jpg" alt="" class="produit "/></a><div class="picto"><span class="invisible"></span></div><div class="boutons-produit"><a id="addProductToBasket_38" onclick="javascript:Tapestry.waitForPage(event);" title="Ajouter au panier" class="bt-produit-ajout-panier" href="http://www.refonte.auchandirect.fr/rayon.productgridorlist.productlist_1.thumbnailproduct_0.addproducttobasket/40649?t:ac=484">Ajouter au panier</a><a id="addProductToShoppingList_55" onclick="javascript:Tapestry.waitForPage(event);" title="Ajouter à ma liste" class="bt-produit-ajout-liste" href="http://www.refonte.auchandirect.fr/rayon.productgridorlist.productlist_1.thumbnailproduct_0.addproducttoshoppinglist/40649?t:ac=484">Ajouter à ma liste</a></div><div class="infos-produit-1"><div class="prix-actuel"><span>3.06€</span></div></div><div class="infos-produit-2"><a title="Voir le produit" href="http://www.refonte.auchandirect.fr/petit-déjeuner-epicerie-sucrée/petit-déjeuner/céréales-aux-fruits/id1/484/40649"><h2>AUCHAN</h2><h4>Céréales aux fruits</h4><h4>Crousty 4 fruits</h4><p>
750 g
<br/>
4.08€/kg
</p></a></div><div class="mini_picto_bas"><img src="http://www.refonte.auchandirect.fr/static/images/DLC-garantie-30j_small.jpg"/></div></div></div></td></tr><tr><td><!-- PL : ici --><div class="bloc-produit produit-auchan"><div class="bloc-produit-content"><a title="Voir le produit" href="http://www.refonte.auchandirect.fr/petit-déjeuner-epicerie-sucrée/petit-déjeuner/pépites-croustillantes-de-céréales-aux-2-chocolats/id1/484/20914"><img src="http://www.refonte.auchandirect.fr/static/images/products/line/20914.jpg" alt="" class="produit "/></a><div class="picto"><span class="invisible"></span></div><div class="boutons-produit"><a id="addProductToBasket_39" onclick="javascript:Tapestry.waitForPage(event);" title="Ajouter au panier" class="bt-produit-ajout-panier" href="http://www.refonte.auchandirect.fr/rayon.productgridorlist.productlist_1.thumbnailproduct_0.addproducttobasket/20914?t:ac=484">Ajouter au panier</a><a id="addProductToShoppingList_56" onclick="javascript:Tapestry.waitForPage(event);" title="Ajouter à ma liste" class="bt-produit-ajout-liste" href="http://www.refonte.auchandirect.fr/rayon.productgridorlist.productlist_1.thumbnailproduct_0.addproducttoshoppinglist/20914?t:ac=484">Ajouter à ma liste</a></div><div class="infos-produit-1"><div class="prix-actuel"><span>2.42€</span></div></div><div class="infos-produit-2"><a title="Voir le produit" href="http://www.refonte.auchandirect.fr/petit-déjeuner-epicerie-sucrée/petit-déjeuner/pépites-croustillantes-de-céréales-aux-2-chocolats/id1/484/20914"><h2>AUCHAN</h2><h4>Pépites croustillantes de céréales aux 2 chocolats</h4><h4>Crousty choco</h4><p>
500 g
<br/>
4.84€/kg
</p></a></div><div class="mini_picto_bas"><img src="http://www.refonte.auchandirect.fr/static/images/DLC-garantie-30j_small.jpg"/></div></div></div></td><td><!-- PL : ici --><div class="bloc-produit produit-auchan bientot-dispo"><div class="bloc-produit-content"><a title="Voir le produit" href="http://www.refonte.auchandirect.fr/petit-déjeuner-epicerie-sucrée/petit-déjeuner/céreales-soufflées-au-chocolat/id1/484/58792"><img src="http://www.refonte.auchandirect.fr/static/images/products/line/58792.jpg" alt="" class="produit "/></a><div class="picto"><span class="invisible"></span></div><div class="boutons-produit"><a class="bt-produit-ajout-panier disable" title="Bientôt disponible" href="javascript:void(0)">Bientôt disponible</a><a id="addProductToShoppingList_57" onclick="javascript:Tapestry.waitForPage(event);" title="Ajouter à ma liste" class="bt-produit-ajout-liste" href="http://www.refonte.auchandirect.fr/rayon.productgridorlist.productlist_1.thumbnailproduct_0.addproducttoshoppinglist/58792?t:ac=484">Ajouter à ma liste</a></div><div class="infos-produit-1"><div class="prix-actuel"><span>2.02€</span></div></div><div class="infos-produit-2"><a title="Voir le produit" href="http://www.refonte.auchandirect.fr/petit-déjeuner-epicerie-sucrée/petit-déjeuner/céreales-soufflées-au-chocolat/id1/484/58792"><h2>AUCHAN</h2><h4>Céreales soufflées au chocolat</h4><h4>Choco crisp</h4><p>
500 g
<br/>
4.04€/kg
</p></a></div><div class="mini_picto_bas"><img src="http://www.refonte.auchandirect.fr/static/images/DLC-garantie-30j_small.jpg"/></div></div></div></td><td><!-- PL : ici --><div class="bloc-produit produit-auchan"><div class="bloc-produit-content"><a title="Voir le produit" href="http://www.refonte.auchandirect.fr/petit-déjeuner-epicerie-sucrée/petit-déjeuner/céréales-fourées-chocolat-et-noisette/id1/484/43188"><img src="http://www.refonte.auchandirect.fr/static/images/products/line/43188.jpg" alt="" class="produit "/></a><div class="picto"><span class="invisible"></span></div><div class="boutons-produit"><a id="addProductToBasket_40" onclick="javascript:Tapestry.waitForPage(event);" title="Ajouter au panier" class="bt-produit-ajout-panier" href="http://www.refonte.auchandirect.fr/rayon.productgridorlist.productlist_1.thumbnailproduct_0.addproducttobasket/43188?t:ac=484">Ajouter au panier</a><a id="addProductToShoppingList_58" onclick="javascript:Tapestry.waitForPage(event);" title="Ajouter à ma liste" class="bt-produit-ajout-liste" href="http://www.refonte.auchandirect.fr/rayon.productgridorlist.productlist_1.thumbnailproduct_0.addproducttoshoppinglist/43188?t:ac=484">Ajouter à ma liste</a></div><div class="infos-produit-1"><div class="prix-actuel"><span>2.80€</span></div></div><div class="infos-produit-2"><a title="Voir le produit" href="http://www.refonte.auchandirect.fr/petit-déjeuner-epicerie-sucrée/petit-déjeuner/céréales-fourées-chocolat-et-noisette/id1/484/43188"><h2>AUCHAN</h2><h4>Céréales fourées chocolat et noisette</h4><h4>Jumblies</h4><p>
375 g
<br/>
7.47€/kg
</p></a></div><div class="mini_picto_bas"><img src="http://www.refonte.auchandirect.fr/static/images/DLC-garantie-30j_small.jpg"/></div></div></div></td></tr><tr><td><!-- PL : ici --><div class="bloc-produit produit-auchan"><div class="bloc-produit-content"><a title="Voir le produit" href="http://www.refonte.auchandirect.fr/petit-déjeuner-epicerie-sucrée/petit-déjeuner/mélange-de-céréales-au-chocolat/id1/484/72770"><img src="http://www.refonte.auchandirect.fr/static/images/products/line/72770.jpg" alt="" class="produit "/></a><div class="picto"><span class="invisible"></span></div><div class="boutons-produit"><a id="addProductToBasket_41" onclick="javascript:Tapestry.waitForPage(event);" title="Ajouter au panier" class="bt-produit-ajout-panier" href="http://www.refonte.auchandirect.fr/rayon.productgridorlist.productlist_1.thumbnailproduct_0.addproducttobasket/72770?t:ac=484">Ajouter au panier</a><a id="addProductToShoppingList_59" onclick="javascript:Tapestry.waitForPage(event);" title="Ajouter à ma liste" class="bt-produit-ajout-liste" href="http://www.refonte.auchandirect.fr/rayon.productgridorlist.productlist_1.thumbnailproduct_0.addproducttoshoppinglist/72770?t:ac=484">Ajouter à ma liste</a></div><div class="infos-produit-1"><div class="prix-actuel"><span>2.29€</span></div></div><div class="infos-produit-2"><a title="Voir le produit" href="http://www.refonte.auchandirect.fr/petit-déjeuner-epicerie-sucrée/petit-déjeuner/mélange-de-céréales-au-chocolat/id1/484/72770"><h2>AUCHAN</h2><h4>Mélange de céréales au chocolat</h4><h4>Chocoduo</h4><p>
375 g
<br/>
6.11€/kg
</p></a></div><div class="mini_picto_bas"></div></div></div></td><td><!-- PL : ici --><div class="bloc-produit produit-auchan"><div class="bloc-produit-content"><a title="Voir le produit" href="http://www.refonte.auchandirect.fr/petit-déjeuner-epicerie-sucrée/bien-etre,-forme/céréales-de-riz-soufflé-au-cacao-sans-gluten/id1/431988/60592"><img src="http://www.refonte.auchandirect.fr/static/images/products/line/60592.jpg" alt="" class="produit "/></a><div class="picto"><span class="invisible"></span></div><div class="boutons-produit"><a id="addProductToBasket_42" onclick="javascript:Tapestry.waitForPage(event);" title="Ajouter au panier" class="bt-produit-ajout-panier" href="http://www.refonte.auchandirect.fr/rayon.productgridorlist.productlist_1.thumbnailproduct_0.addproducttobasket/60592?t:ac=484">Ajouter au panier</a><a id="addProductToShoppingList_60" onclick="javascript:Tapestry.waitForPage(event);" title="Ajouter à ma liste" class="bt-produit-ajout-liste" href="http://www.refonte.auchandirect.fr/rayon.productgridorlist.productlist_1.thumbnailproduct_0.addproducttoshoppinglist/60592?t:ac=484">Ajouter à ma liste</a></div><div class="infos-produit-1"><div class="prix-actuel"><span>3.32€</span></div></div><div class="infos-produit-2"><a title="Voir le produit" href="http://www.refonte.auchandirect.fr/petit-déjeuner-epicerie-sucrée/bien-etre,-forme/céréales-de-riz-soufflé-au-cacao-sans-gluten/id1/431988/60592"><h2>AUCHAN</h2><h4>Céréales de riz soufflé au cacao sans gluten</h4><h4></h4><p>
375 g
<br/>
8.85€/kg
</p></a></div><div class="mini_picto_bas"><img src="http://www.refonte.auchandirect.fr/static/images/DLC-garantie-30j_small.jpg"/></div></div></div></td><td><!-- PL : ici --><div class="bloc-produit produit-auchan"><div class="bloc-produit-content"><a title="Voir le produit" href="http://www.refonte.auchandirect.fr/petit-déjeuner-epicerie-sucrée/petit-déjeuner/pétales-de-riz-et-de-blé-complet-nature/id1/484/24696"><img src="http://www.refonte.auchandirect.fr/static/images/products/line/24696.jpg" alt="" class="produit "/></a><div class="picto"><span class="invisible"></span></div><div class="boutons-produit"><a id="addProductToBasket_43" onclick="javascript:Tapestry.waitForPage(event);" title="Ajouter au panier" class="bt-produit-ajout-panier" href="http://www.refonte.auchandirect.fr/rayon.productgridorlist.productlist_1.thumbnailproduct_0.addproducttobasket/24696?t:ac=484">Ajouter au panier</a><a id="addProductToShoppingList_61" onclick="javascript:Tapestry.waitForPage(event);" title="Ajouter à ma liste" class="bt-produit-ajout-liste" href="http://www.refonte.auchandirect.fr/rayon.productgridorlist.productlist_1.thumbnailproduct_0.addproducttoshoppinglist/24696?t:ac=484">Ajouter à ma liste</a></div><div class="infos-produit-1"><div class="prix-actuel"><span>1.66€</span></div></div><div class="infos-produit-2"><a title="Voir le produit" href="http://www.refonte.auchandirect.fr/petit-déjeuner-epicerie-sucrée/petit-déjeuner/pétales-de-riz-et-de-blé-complet-nature/id1/484/24696"><h2>AUCHAN</h2><h4>Pétales de riz et de blé complet nature</h4><h4>Déliform</h4><p>
375 g
<br/>
4.43€/kg
</p></a></div><div class="mini_picto_bas"><img src="http://www.refonte.auchandirect.fr/static/images/DLC-garantie-30j_small.jpg"/></div></div></div></td></tr><tr><td><!-- PL : ici --><div class="bloc-produit produit-auchan bientot-dispo"><div class="bloc-produit-content"><a title="Voir le produit" href="http://www.refonte.auchandirect.fr/petit-déjeuner-epicerie-sucrée/petit-déjeuner/pétales-avec-copeaux-chocolat-noir/id1/484/42125"><img src="http://www.refonte.auchandirect.fr/static/images/products/line/42125.jpg" alt="" class="produit "/></a><div class="picto"><span class="invisible"></span></div><div class="boutons-produit"><a class="bt-produit-ajout-panier disable" title="Bientôt disponible" href="javascript:void(0)">Bientôt disponible</a><a id="addProductToShoppingList_62" onclick="javascript:Tapestry.waitForPage(event);" title="Ajouter à ma liste" class="bt-produit-ajout-liste" href="http://www.refonte.auchandirect.fr/rayon.productgridorlist.productlist_1.thumbnailproduct_0.addproducttoshoppinglist/42125?t:ac=484">Ajouter à ma liste</a></div><div class="infos-produit-1"><div class="prix-actuel"><span>1.54€</span></div></div><div class="infos-produit-2"><a title="Voir le produit" href="http://www.refonte.auchandirect.fr/petit-déjeuner-epicerie-sucrée/petit-déjeuner/pétales-avec-copeaux-chocolat-noir/id1/484/42125"><h2>AUCHAN</h2><h4>Pétales avec copeaux chocolat noir</h4><h4>Déliform</h4><p>
300 g
<br/>
5.13€/kg
</p></a></div><div class="mini_picto_bas"><img src="http://www.refonte.auchandirect.fr/static/images/DLC-garantie-30j_small.jpg"/></div></div></div></td><td><!-- PL : ici --><div class="bloc-produit produit-auchan"><div class="bloc-produit-content"><a title="Voir le produit" href="http://www.refonte.auchandirect.fr/petit-déjeuner-epicerie-sucrée/petit-déjeuner/biscottes-nature/id1/484/1189"><img src="http://www.refonte.auchandirect.fr/static/images/products/line/1189.jpg" alt="" class="produit "/></a><div class="picto"><span class="invisible"></span></div><div class="boutons-produit"><a id="addProductToBasket_44" onclick="javascript:Tapestry.waitForPage(event);" title="Ajouter au panier" class="bt-produit-ajout-panier" href="http://www.refonte.auchandirect.fr/rayon.productgridorlist.productlist_1.thumbnailproduct_0.addproducttobasket/1189?t:ac=484">Ajouter au panier</a><a id="addProductToShoppingList_63" onclick="javascript:Tapestry.waitForPage(event);" title="Ajouter à ma liste" class="bt-produit-ajout-liste" href="http://www.refonte.auchandirect.fr/rayon.productgridorlist.productlist_1.thumbnailproduct_0.addproducttoshoppinglist/1189?t:ac=484">Ajouter à ma liste</a></div><div class="infos-produit-1"><div class="prix-actuel"><span>0.90€</span></div></div><div class="infos-produit-2"><a title="Voir le produit" href="http://www.refonte.auchandirect.fr/petit-déjeuner-epicerie-sucrée/petit-déjeuner/biscottes-nature/id1/484/1189"><h2>AUCHAN</h2><h4>Biscottes nature</h4><h4></h4><p>
300 g
<br/>
3.00€/kg
</p></a></div><div class="mini_picto_bas"><img src="http://www.refonte.auchandirect.fr/static/images/DLC-garantie-30j_small.jpg"/></div></div></div></td><td><!-- PL : ici --><div class="bloc-produit produit-auchan"><div class="bloc-produit-content"><a title="Voir le produit" href="http://www.refonte.auchandirect.fr/petit-déjeuner-epicerie-sucrée/petit-déjeuner/petits-pains-grillés-au-froment/id1/484/22574"><img src="http://www.refonte.auchandirect.fr/static/images/products/line/22574.jpg" alt="" class="produit "/></a><div class="picto"><span class="invisible"></span></div><div class="boutons-produit"><a id="addProductToBasket_45" onclick="javascript:Tapestry.waitForPage(event);" title="Ajouter au panier" class="bt-produit-ajout-panier" href="http://www.refonte.auchandirect.fr/rayon.productgridorlist.productlist_1.thumbnailproduct_0.addproducttobasket/22574?t:ac=484">Ajouter au panier</a><a id="addProductToShoppingList_64" onclick="javascript:Tapestry.waitForPage(event);" title="Ajouter à ma liste" class="bt-produit-ajout-liste" href="http://www.refonte.auchandirect.fr/rayon.productgridorlist.productlist_1.thumbnailproduct_0.addproducttoshoppinglist/22574?t:ac=484">Ajouter à ma liste</a></div><div class="infos-produit-1"><div class="prix-actuel"><span>0.92€</span></div></div><div class="infos-produit-2"><a title="Voir le produit" href="http://www.refonte.auchandirect.fr/petit-déjeuner-epicerie-sucrée/petit-déjeuner/petits-pains-grillés-au-froment/id1/484/22574"><h2>AUCHAN</h2><h4>Petits pains grillés au froment</h4><h4></h4><p>
225 g
<br/>
4.09€/kg
</p></a></div><div class="mini_picto_bas"><img src="http://www.refonte.auchandirect.fr/static/images/DLC-garantie-30j_small.jpg"/></div></div></div></td></tr><tr><td><!-- PL : ici --><div class="bloc-produit produit-auchan"><div class="bloc-produit-content"><a title="Voir le produit" href="http://www.refonte.auchandirect.fr/petit-déjeuner-epicerie-sucrée/petit-déjeuner/biscottes-x-18/id1/484/15145"><img src="http://www.refonte.auchandirect.fr/static/images/products/line/15145.jpg" alt="" class="produit "/></a><div class="picto"><span class="invisible"></span></div><div class="boutons-produit"><a id="addProductToBasket_46" onclick="javascript:Tapestry.waitForPage(event);" title="Ajouter au panier" class="bt-produit-ajout-panier" href="http://www.refonte.auchandirect.fr/rayon.productgridorlist.productlist_1.thumbnailproduct_0.addproducttobasket/15145?t:ac=484">Ajouter au panier</a><a id="addProductToShoppingList_65" onclick="javascript:Tapestry.waitForPage(event);" title="Ajouter à ma liste" class="bt-produit-ajout-liste" href="http://www.refonte.auchandirect.fr/rayon.productgridorlist.productlist_1.thumbnailproduct_0.addproducttoshoppinglist/15145?t:ac=484">Ajouter à ma liste</a></div><div class="infos-produit-1"><div class="prix-actuel"><span>1.26€</span></div></div><div class="infos-produit-2"><a title="Voir le produit" href="http://www.refonte.auchandirect.fr/petit-déjeuner-epicerie-sucrée/petit-déjeuner/biscottes-x-18/id1/484/15145"><h2>AUCHAN</h2><h4>Biscottes x 18</h4><h4>7 céréales</h4><p>
300 g
<br/>
4.20€/kg
</p></a></div><div class="mini_picto_bas"><img src="http://www.refonte.auchandirect.fr/static/images/DLC-garantie-30j_small.jpg"/></div></div></div></td><td><!-- PL : ici --><div class="bloc-produit produit-auchan"><div class="bloc-produit-content"><a title="Voir le produit" href="http://www.refonte.auchandirect.fr/petit-déjeuner-epicerie-sucrée/petit-déjeuner/biscottes-très-pauvre-en-sel/id1/484/1190"><img src="http://www.refonte.auchandirect.fr/static/images/products/line/1190.jpg" alt="" class="produit "/></a><div class="picto"><span class="invisible"></span></div><div class="boutons-produit"><a id="addProductToBasket_47" onclick="javascript:Tapestry.waitForPage(event);" title="Ajouter au panier" class="bt-produit-ajout-panier" href="http://www.refonte.auchandirect.fr/rayon.productgridorlist.productlist_1.thumbnailproduct_0.addproducttobasket/1190?t:ac=484">Ajouter au panier</a><a id="addProductToShoppingList_66" onclick="javascript:Tapestry.waitForPage(event);" title="Ajouter à ma liste" class="bt-produit-ajout-liste" href="http://www.refonte.auchandirect.fr/rayon.productgridorlist.productlist_1.thumbnailproduct_0.addproducttoshoppinglist/1190?t:ac=484">Ajouter à ma liste</a></div><div class="infos-produit-1"><div class="prix-actuel"><span>1.12€</span></div></div><div class="infos-produit-2"><a title="Voir le produit" href="http://www.refonte.auchandirect.fr/petit-déjeuner-epicerie-sucrée/petit-déjeuner/biscottes-très-pauvre-en-sel/id1/484/1190"><h2>AUCHAN</h2><h4>Biscottes très pauvre en sel</h4><h4></h4><p>
300 g
<br/>
3.73€/kg
</p></a></div><div class="mini_picto_bas"><img src="http://www.refonte.auchandirect.fr/static/images/DLC-garantie-30j_small.jpg"/></div></div></div></td><td><!-- PL : ici --><div class="bloc-produit produit-auchan"><div class="bloc-produit-content"><a title="Voir le produit" href="http://www.refonte.auchandirect.fr/petit-déjeuner-epicerie-sucrée/biscuits,-goûters/biscuit-petit-déjeuner-au-lait-et-pépites-choco/id1/483/61003"><img src="http://www.refonte.auchandirect.fr/static/images/products/line/61003.jpg" alt="" class="produit "/></a><div class="picto"><span class="invisible"></span></div><div class="boutons-produit"><a id="addProductToBasket_48" onclick="javascript:Tapestry.waitForPage(event);" title="Ajouter au panier" class="bt-produit-ajout-panier" href="http://www.refonte.auchandirect.fr/rayon.productgridorlist.productlist_1.thumbnailproduct_0.addproducttobasket/61003?t:ac=484">Ajouter au panier</a><a id="addProductToShoppingList_67" onclick="javascript:Tapestry.waitForPage(event);" title="Ajouter à ma liste" class="bt-produit-ajout-liste" href="http://www.refonte.auchandirect.fr/rayon.productgridorlist.productlist_1.thumbnailproduct_0.addproducttoshoppinglist/61003?t:ac=484">Ajouter à ma liste</a></div><div class="infos-produit-1"><div class="prix-actuel"><span>2.03€</span></div></div><div class="infos-produit-2"><a title="Voir le produit" href="http://www.refonte.auchandirect.fr/petit-déjeuner-epicerie-sucrée/biscuits,-goûters/biscuit-petit-déjeuner-au-lait-et-pépites-choco/id1/483/61003"><h2>AUCHAN</h2><h4>Biscuit Petit déjeuner au lait et pépites choco</h4><h4>Matin vitalité</h4><p>
400 g
<br/>
5.08€/kg
</p></a></div><div class="mini_picto_bas"><img src="http://www.refonte.auchandirect.fr/static/images/DLC-garantie-30j_small.jpg"/></div></div></div></td></tr><tr><td><!-- PL : ici --><div class="bloc-produit produit-auchan"><div class="bloc-produit-content"><a title="Voir le produit" href="http://www.refonte.auchandirect.fr/petit-déjeuner-epicerie-sucrée/petit-déjeuner/biscuits-céréales-et-fruits-rouges/id1/484/53868"><img src="http://www.refonte.auchandirect.fr/static/images/products/line/53868.jpg" alt="" class="produit "/></a><div class="picto"><span class="invisible"></span></div><div class="boutons-produit"><a id="addProductToBasket_49" onclick="javascript:Tapestry.waitForPage(event);" title="Ajouter au panier" class="bt-produit-ajout-panier" href="http://www.refonte.auchandirect.fr/rayon.productgridorlist.productlist_1.thumbnailproduct_0.addproducttobasket/53868?t:ac=484">Ajouter au panier</a><a id="addProductToShoppingList_68" onclick="javascript:Tapestry.waitForPage(event);" title="Ajouter à ma liste" class="bt-produit-ajout-liste" href="http://www.refonte.auchandirect.fr/rayon.productgridorlist.productlist_1.thumbnailproduct_0.addproducttoshoppinglist/53868?t:ac=484">Ajouter à ma liste</a></div><div class="infos-produit-1"><div class="prix-actuel"><span>1.93€</span></div></div><div class="infos-produit-2"><a title="Voir le produit" href="http://www.refonte.auchandirect.fr/petit-déjeuner-epicerie-sucrée/petit-déjeuner/biscuits-céréales-et-fruits-rouges/id1/484/53868"><h2>AUCHAN</h2><h4>Biscuits céréales et fruits rouges</h4><h4>Matin vitalité</h4><p>
300 g
<br/>
6.43€/kg
</p></a></div><div class="mini_picto_bas"><img src="http://www.refonte.auchandirect.fr/static/images/DLC-garantie-30j_small.jpg"/></div></div></div></td><td><!-- PL : ici --><div class="bloc-produit produit-auchan"><div class="bloc-produit-content"><a title="Voir le produit" href="http://www.refonte.auchandirect.fr/petit-déjeuner-epicerie-sucrée/biscuits,-goûters/biscuits-au-miel-et-aux-pépites-de-chocolat/id1/483/43900"><img src="http://www.refonte.auchandirect.fr/static/images/products/line/43900.jpg" alt="" class="produit "/></a><div class="picto"><span class="invisible"></span></div><div class="boutons-produit"><a id="addProductToBasket_50" onclick="javascript:Tapestry.waitForPage(event);" title="Ajouter au panier" class="bt-produit-ajout-panier" href="http://www.refonte.auchandirect.fr/rayon.productgridorlist.productlist_1.thumbnailproduct_0.addproducttobasket/43900?t:ac=484">Ajouter au panier</a><a id="addProductToShoppingList_69" onclick="javascript:Tapestry.waitForPage(event);" title="Ajouter à ma liste" class="bt-produit-ajout-liste" href="http://www.refonte.auchandirect.fr/rayon.productgridorlist.productlist_1.thumbnailproduct_0.addproducttoshoppinglist/43900?t:ac=484">Ajouter à ma liste</a></div><div class="infos-produit-1"><div class="prix-actuel"><span>2.07€</span></div></div><div class="infos-produit-2"><a title="Voir le produit" href="http://www.refonte.auchandirect.fr/petit-déjeuner-epicerie-sucrée/biscuits,-goûters/biscuits-au-miel-et-aux-pépites-de-chocolat/id1/483/43900"><h2>AUCHAN</h2><h4>Biscuits au miel et aux pépites de chocolat</h4><h4>Matin vitalité</h4><p>
400 g
<br/>
5.18€/kg
</p></a></div><div class="mini_picto_bas"><img src="http://www.refonte.auchandirect.fr/static/images/DLC-garantie-30j_small.jpg"/></div></div></div></td><td><!-- PL : ici --><div class="bloc-produit produit-auchan"><div class="bloc-produit-content"><a title="Voir le produit" href="http://www.refonte.auchandirect.fr/petit-déjeuner-epicerie-sucrée/petit-déjeuner/tartinettes-au-chocolat/id1/484/61002"><img src="http://www.refonte.auchandirect.fr/static/images/products/line/61002.jpg" alt="" class="produit "/></a><div class="picto"><span class="invisible"></span></div><div class="boutons-produit"><a id="addProductToBasket_51" onclick="javascript:Tapestry.waitForPage(event);" title="Ajouter au panier" class="bt-produit-ajout-panier" href="http://www.refonte.auchandirect.fr/rayon.productgridorlist.productlist_1.thumbnailproduct_0.addproducttobasket/61002?t:ac=484">Ajouter au panier</a><a id="addProductToShoppingList_70" onclick="javascript:Tapestry.waitForPage(event);" title="Ajouter à ma liste" class="bt-produit-ajout-liste" href="http://www.refonte.auchandirect.fr/rayon.productgridorlist.productlist_1.thumbnailproduct_0.addproducttoshoppinglist/61002?t:ac=484">Ajouter à ma liste</a></div><div class="infos-produit-1"><div class="prix-actuel"><span>1.48€</span></div></div><div class="infos-produit-2"><a title="Voir le produit" href="http://www.refonte.auchandirect.fr/petit-déjeuner-epicerie-sucrée/petit-déjeuner/tartinettes-au-chocolat/id1/484/61002"><h2>AUCHAN</h2><h4>Tartinettes au chocolat</h4><h4></h4><p>
200 g
<br/>
7.40€/kg
</p></a></div><div class="mini_picto_bas"><img src="http://www.refonte.auchandirect.fr/static/images/DLC-garantie-30j_small.jpg"/></div></div></div></td></tr><tr><td><!-- PL : ici --><div class="bloc-produit produit-auchan"><div class="bloc-produit-content"><a title="Voir le produit" href="http://www.refonte.auchandirect.fr/petit-déjeuner-epicerie-sucrée/petit-déjeuner/tartines-craquantes-au-froment/id1/484/52231"><img src="http://www.refonte.auchandirect.fr/static/images/products/line/52231.jpg" alt="" class="produit "/></a><div class="picto"><span class="invisible"></span></div><div class="boutons-produit"><a id="addProductToBasket_52" onclick="javascript:Tapestry.waitForPage(event);" title="Ajouter au panier" class="bt-produit-ajout-panier" href="http://www.refonte.auchandirect.fr/rayon.productgridorlist.productlist_1.thumbnailproduct_0.addproducttobasket/52231?t:ac=484">Ajouter au panier</a><a id="addProductToShoppingList_71" onclick="javascript:Tapestry.waitForPage(event);" title="Ajouter à ma liste" class="bt-produit-ajout-liste" href="http://www.refonte.auchandirect.fr/rayon.productgridorlist.productlist_1.thumbnailproduct_0.addproducttoshoppinglist/52231?t:ac=484">Ajouter à ma liste</a></div><div class="infos-produit-1"><div class="prix-actuel"><span>1.15€</span></div></div><div class="infos-produit-2"><a title="Voir le produit" href="http://www.refonte.auchandirect.fr/petit-déjeuner-epicerie-sucrée/petit-déjeuner/tartines-craquantes-au-froment/id1/484/52231"><h2>AUCHAN</h2><h4>Tartines craquantes au froment</h4><h4></h4><p>
250 g
<br/>
4.60€/kg
</p></a></div><div class="mini_picto_bas"><img src="http://www.refonte.auchandirect.fr/static/images/DLC-garantie-30j_small.jpg"/></div></div></div></td><td><!-- PL : ici --><div class="bloc-produit produit-auchan"><div class="bloc-produit-content"><a title="Voir le produit" href="http://www.refonte.auchandirect.fr/petit-déjeuner-epicerie-sucrée/petit-déjeuner/pains-grillés-au-froment/id1/484/51879"><img src="http://www.refonte.auchandirect.fr/static/images/products/line/51879.jpg" alt="" class="produit "/></a><div class="picto"><span class="invisible"></span></div><div class="boutons-produit"><a id="addProductToBasket_53" onclick="javascript:Tapestry.waitForPage(event);" title="Ajouter au panier" class="bt-produit-ajout-panier" href="http://www.refonte.auchandirect.fr/rayon.productgridorlist.productlist_1.thumbnailproduct_0.addproducttobasket/51879?t:ac=484">Ajouter au panier</a><a id="addProductToShoppingList_72" onclick="javascript:Tapestry.waitForPage(event);" title="Ajouter à ma liste" class="bt-produit-ajout-liste" href="http://www.refonte.auchandirect.fr/rayon.productgridorlist.productlist_1.thumbnailproduct_0.addproducttoshoppinglist/51879?t:ac=484">Ajouter à ma liste</a></div><div class="infos-produit-1"><div class="prix-actuel"><span>1.55€</span></div></div><div class="infos-produit-2"><a title="Voir le produit" href="http://www.refonte.auchandirect.fr/petit-déjeuner-epicerie-sucrée/petit-déjeuner/pains-grillés-au-froment/id1/484/51879"><h2>AUCHAN</h2><h4>Pains grillés au froment</h4><h4></h4><p>
400 g
<br/>
3.88€/kg
</p></a></div><div class="mini_picto_bas"><img src="http://www.refonte.auchandirect.fr/static/images/DLC-garantie-30j_small.jpg"/></div></div></div></td><td><!-- PL : ici --><div class="bloc-produit produit-auchan"><div class="bloc-produit-content"><a title="Voir le produit" href="http://www.refonte.auchandirect.fr/petit-déjeuner-epicerie-sucrée/petit-déjeuner/pain-grillé-x-24/id1/484/40655"><img src="http://www.refonte.auchandirect.fr/static/images/products/line/40655.jpg" alt="" class="produit "/></a><div class="picto"><span class="invisible"></span></div><div class="boutons-produit"><a id="addProductToBasket_54" onclick="javascript:Tapestry.waitForPage(event);" title="Ajouter au panier" class="bt-produit-ajout-panier" href="http://www.refonte.auchandirect.fr/rayon.productgridorlist.productlist_1.thumbnailproduct_0.addproducttobasket/40655?t:ac=484">Ajouter au panier</a><a id="addProductToShoppingList_73" onclick="javascript:Tapestry.waitForPage(event);" title="Ajouter à ma liste" class="bt-produit-ajout-liste" href="http://www.refonte.auchandirect.fr/rayon.productgridorlist.productlist_1.thumbnailproduct_0.addproducttoshoppinglist/40655?t:ac=484">Ajouter à ma liste</a></div><div class="infos-produit-1"><div class="prix-actuel"><span>1.44€</span></div></div><div class="infos-produit-2"><a title="Voir le produit" href="http://www.refonte.auchandirect.fr/petit-déjeuner-epicerie-sucrée/petit-déjeuner/pain-grillé-x-24/id1/484/40655"><h2>AUCHAN</h2><h4>Pain grillé x 24</h4><h4></h4><p>
500 g
<br/>
2.88€/kg
</p></a></div><div class="mini_picto_bas"><img src="http://www.refonte.auchandirect.fr/static/images/DLC-garantie-30j_small.jpg"/></div></div></div></td></tr><tr><td><!-- PL : ici --><div class="bloc-produit produit-auchan"><div class="bloc-produit-content"><a title="Voir le produit" href="http://www.refonte.auchandirect.fr/petit-déjeuner-epicerie-sucrée/petit-déjeuner/petits-pains-grillés/id1/484/39292"><img src="http://www.refonte.auchandirect.fr/static/images/products/line/39292.jpg" alt="" class="produit "/></a><div class="picto"><span class="invisible"></span></div><div class="boutons-produit"><a id="addProductToBasket_55" onclick="javascript:Tapestry.waitForPage(event);" title="Ajouter au panier" class="bt-produit-ajout-panier" href="http://www.refonte.auchandirect.fr/rayon.productgridorlist.productlist_1.thumbnailproduct_0.addproducttobasket/39292?t:ac=484">Ajouter au panier</a><a id="addProductToShoppingList_74" onclick="javascript:Tapestry.waitForPage(event);" title="Ajouter à ma liste" class="bt-produit-ajout-liste" href="http://www.refonte.auchandirect.fr/rayon.productgridorlist.productlist_1.thumbnailproduct_0.addproducttoshoppinglist/39292?t:ac=484">Ajouter à ma liste</a></div><div class="infos-produit-1"><div class="prix-actuel"><span>0.93€</span></div></div><div class="infos-produit-2"><a title="Voir le produit" href="http://www.refonte.auchandirect.fr/petit-déjeuner-epicerie-sucrée/petit-déjeuner/petits-pains-grillés/id1/484/39292"><h2>AUCHAN</h2><h4>Petits pains grillés</h4><h4>Blé complet</h4><p>
225 g
<br/>
4.13€/kg
</p></a></div><div class="mini_picto_bas"><img src="http://www.refonte.auchandirect.fr/static/images/DLC-garantie-30j_small.jpg"/></div></div></div></td><td><!-- PL : ici --><div class="bloc-produit produit-auchan bientot-dispo"><div class="bloc-produit-content"><a title="Voir le produit" href="http://www.refonte.auchandirect.fr/petit-déjeuner-epicerie-sucrée/petit-déjeuner/brioche-tranchée/id1/484/58618"><img src="http://www.refonte.auchandirect.fr/static/images/products/line/58618.jpg" alt="" class="produit "/></a><div class="picto"><span class="invisible"></span></div><div class="boutons-produit"><a class="bt-produit-ajout-panier disable" title="Bientôt disponible" href="javascript:void(0)">Bientôt disponible</a><a id="addProductToShoppingList_75" onclick="javascript:Tapestry.waitForPage(event);" title="Ajouter à ma liste" class="bt-produit-ajout-liste" href="http://www.refonte.auchandirect.fr/rayon.productgridorlist.productlist_1.thumbnailproduct_0.addproducttoshoppinglist/58618?t:ac=484">Ajouter à ma liste</a></div><div class="infos-produit-1"><div class="prix-actuel"><span>1.50€</span></div></div><div class="infos-produit-2"><a title="Voir le produit" href="http://www.refonte.auchandirect.fr/petit-déjeuner-epicerie-sucrée/petit-déjeuner/brioche-tranchée/id1/484/58618"><h2>AUCHAN</h2><h4>Brioche tranchée</h4><h4></h4><p>
500 g
<br/>
3.00€/kg
</p></a></div><div class="mini_picto_bas"><img alt="frais" src="http://www.refonte.auchandirect.fr/static/images/frais_small.jpg"/><img src="http://www.refonte.auchandirect.fr/static/images/DLC-garantie-6j_small.jpg"/></div></div></div></td><td><!-- PL : ici --><div class="bloc-produit produit-auchan bientot-dispo"><div class="bloc-produit-content"><a title="Voir le produit" href="http://www.refonte.auchandirect.fr/petit-déjeuner-epicerie-sucrée/petit-déjeuner/pains-au-lait/id1/484/58612"><img src="http://www.refonte.auchandirect.fr/static/images/products/line/58612.jpg" alt="" class="produit "/></a><div class="picto"><span class="invisible"></span></div><div class="boutons-produit"><a class="bt-produit-ajout-panier disable" title="Bientôt disponible" href="javascript:void(0)">Bientôt disponible</a><a id="addProductToShoppingList_76" onclick="javascript:Tapestry.waitForPage(event);" title="Ajouter à ma liste" class="bt-produit-ajout-liste" href="http://www.refonte.auchandirect.fr/rayon.productgridorlist.productlist_1.thumbnailproduct_0.addproducttoshoppinglist/58612?t:ac=484">Ajouter à ma liste</a></div><div class="infos-produit-1"><div class="prix-actuel"><span>1.00€</span></div></div><div class="infos-produit-2"><a title="Voir le produit" href="http://www.refonte.auchandirect.fr/petit-déjeuner-epicerie-sucrée/petit-déjeuner/pains-au-lait/id1/484/58612"><h2>AUCHAN</h2><h4>Pains au lait</h4><h4></h4><p>
350 g
<br/>
2.86€/kg
</p></a></div><div class="mini_picto_bas"><img alt="frais" src="http://www.refonte.auchandirect.fr/static/images/frais_small.jpg"/><img src="http://www.refonte.auchandirect.fr/static/images/DLC-garantie-6j_small.jpg"/></div></div></div></td></tr><tr><td><!-- PL : ici --><div class="bloc-produit produit-auchan bientot-dispo"><div class="bloc-produit-content"><a title="Voir le produit" href="http://www.refonte.auchandirect.fr/petit-déjeuner-epicerie-sucrée/petit-déjeuner/muffin's-blancs-x-4/id1/484/15049"><img src="http://www.refonte.auchandirect.fr/static/images/products/line/15049.jpg" alt="" class="produit "/></a><div class="picto"><span class="invisible"></span></div><div class="boutons-produit"><a class="bt-produit-ajout-panier disable" title="Bientôt disponible" href="javascript:void(0)">Bientôt disponible</a><a id="addProductToShoppingList_77" onclick="javascript:Tapestry.waitForPage(event);" title="Ajouter à ma liste" class="bt-produit-ajout-liste" href="http://www.refonte.auchandirect.fr/rayon.productgridorlist.productlist_1.thumbnailproduct_0.addproducttoshoppinglist/15049?t:ac=484">Ajouter à ma liste</a></div><div class="infos-produit-1"><div class="prix-actuel"><span>1.58€</span></div></div><div class="infos-produit-2"><a title="Voir le produit" href="http://www.refonte.auchandirect.fr/petit-déjeuner-epicerie-sucrée/petit-déjeuner/muffin's-blancs-x-4/id1/484/15049"><h2>AUCHAN</h2><h4>Muffin's blancs x 4</h4><h4></h4><p>
250 g
<br/>
6.32€/kg
</p></a></div><div class="mini_picto_bas"><img src="http://www.refonte.auchandirect.fr/static/images/DLC-garantie-6j_small.jpg"/></div></div></div></td><td><!-- PL : ici --><div class="bloc-produit produit-auchan bientot-dispo"><div class="bloc-produit-content"><a title="Voir le produit" href="http://www.refonte.auchandirect.fr/petit-déjeuner-epicerie-sucrée/petit-déjeuner/pain-de-mie-nature/id1/484/44584"><img src="http://www.refonte.auchandirect.fr/static/images/products/line/44584.jpg" alt="" class="produit "/></a><div class="picto"><span class="invisible"></span></div><div class="boutons-produit"><a class="bt-produit-ajout-panier disable" title="Bientôt disponible" href="javascript:void(0)">Bientôt disponible</a><a id="addProductToShoppingList_78" onclick="javascript:Tapestry.waitForPage(event);" title="Ajouter à ma liste" class="bt-produit-ajout-liste" href="http://www.refonte.auchandirect.fr/rayon.productgridorlist.productlist_1.thumbnailproduct_0.addproducttoshoppinglist/44584?t:ac=484">Ajouter à ma liste</a></div><div class="infos-produit-1"><div class="prix-actuel"><span>1.62€</span></div></div><div class="infos-produit-2"><a title="Voir le produit" href="http://www.refonte.auchandirect.fr/petit-déjeuner-epicerie-sucrée/petit-déjeuner/pain-de-mie-nature/id1/484/44584"><h2>AUCHAN</h2><h4>Pain de mie nature</h4><h4>Recette anglaise</h4><p>
600 g
<br/>
2.70€/kg
</p></a></div><div class="mini_picto_bas"><img alt="frais" src="http://www.refonte.auchandirect.fr/static/images/frais_small.jpg"/><img src="http://www.refonte.auchandirect.fr/static/images/DLC-garantie-6j_small.jpg"/></div></div></div></td><td><!-- PL : ici --><div class="bloc-produit produit-auchan"><div class="bloc-produit-content"><a title="Voir le produit" href="http://www.refonte.auchandirect.fr/petit-déjeuner-epicerie-sucrée/petit-déjeuner/pain-de-mie-nature-sans-croûte/id1/484/57507"><img src="http://www.refonte.auchandirect.fr/static/images/products/line/57507.jpg" alt="" class="produit "/></a><div class="picto"><span class="invisible"></span></div><div class="boutons-produit"><a id="addProductToBasket_56" onclick="javascript:Tapestry.waitForPage(event);" title="Ajouter au panier" class="bt-produit-ajout-panier" href="http://www.refonte.auchandirect.fr/rayon.productgridorlist.productlist_1.thumbnailproduct_0.addproducttobasket/57507?t:ac=484">Ajouter au panier</a><a id="addProductToShoppingList_79" onclick="javascript:Tapestry.waitForPage(event);" title="Ajouter à ma liste" class="bt-produit-ajout-liste" href="http://www.refonte.auchandirect.fr/rayon.productgridorlist.productlist_1.thumbnailproduct_0.addproducttoshoppinglist/57507?t:ac=484">Ajouter à ma liste</a></div><div class="infos-produit-1"><div class="prix-actuel"><span>1.61€</span></div></div><div class="infos-produit-2"><a title="Voir le produit" href="http://www.refonte.auchandirect.fr/petit-déjeuner-epicerie-sucrée/petit-déjeuner/pain-de-mie-nature-sans-croûte/id1/484/57507"><h2>AUCHAN</h2><h4>Pain de mie nature sans croûte</h4><h4>Carré de mie</h4><p>
475 g
<br/>
3.39€/kg
</p></a></div><div class="mini_picto_bas"><img alt="frais" src="http://www.refonte.auchandirect.fr/static/images/frais_small.jpg"/><img src="http://www.refonte.auchandirect.fr/static/images/DLC-garantie-6j_small.jpg"/></div></div></div></td></tr><tr><td><!-- PL : ici --><div class="bloc-produit produit-auchan"><div class="bloc-produit-content"><a title="Voir le produit" href="http://www.refonte.auchandirect.fr/petit-déjeuner-epicerie-sucrée/petit-déjeuner/pain-de-mie-nature-grandes-tranches/id1/484/27504"><img src="http://www.refonte.auchandirect.fr/static/images/products/line/27504.jpg" alt="" class="produit "/></a><div class="picto"><span class="invisible"></span></div><div class="boutons-produit"><a id="addProductToBasket_57" onclick="javascript:Tapestry.waitForPage(event);" title="Ajouter au panier" class="bt-produit-ajout-panier" href="http://www.refonte.auchandirect.fr/rayon.productgridorlist.productlist_1.thumbnailproduct_0.addproducttobasket/27504?t:ac=484">Ajouter au panier</a><a id="addProductToShoppingList_80" onclick="javascript:Tapestry.waitForPage(event);" title="Ajouter à ma liste" class="bt-produit-ajout-liste" href="http://www.refonte.auchandirect.fr/rayon.productgridorlist.productlist_1.thumbnailproduct_0.addproducttoshoppinglist/27504?t:ac=484">Ajouter à ma liste</a></div><div class="infos-produit-1"><div class="prix-actuel"><span>1.13€</span></div></div><div class="infos-produit-2"><a title="Voir le produit" href="http://www.refonte.auchandirect.fr/petit-déjeuner-epicerie-sucrée/petit-déjeuner/pain-de-mie-nature-grandes-tranches/id1/484/27504"><h2>AUCHAN</h2><h4>Pain de mie nature grandes tranches</h4><h4>Extra large</h4><p>
550 g
<br/>
2.05€/kg
</p></a></div><div class="mini_picto_bas"><img alt="frais" src="http://www.refonte.auchandirect.fr/static/images/frais_small.jpg"/><img src="http://www.refonte.auchandirect.fr/static/images/DLC-garantie-6j_small.jpg"/></div></div></div></td><td><!-- PL : ici --><div class="bloc-produit produit-auchan"><div class="bloc-produit-content"><a title="Voir le produit" href="http://www.refonte.auchandirect.fr/petit-déjeuner-epicerie-sucrée/petit-déjeuner/pain-de-mie-moelleux-nature/id1/484/6707"><img src="http://www.refonte.auchandirect.fr/static/images/products/line/6707.jpg" alt="" class="produit "/></a><div class="picto"><span class="invisible"></span></div><div class="boutons-produit"><a id="addProductToBasket_58" onclick="javascript:Tapestry.waitForPage(event);" title="Ajouter au panier" class="bt-produit-ajout-panier" href="http://www.refonte.auchandirect.fr/rayon.productgridorlist.productlist_1.thumbnailproduct_0.addproducttobasket/6707?t:ac=484">Ajouter au panier</a><a id="addProductToShoppingList_81" onclick="javascript:Tapestry.waitForPage(event);" title="Ajouter à ma liste" class="bt-produit-ajout-liste" href="http://www.refonte.auchandirect.fr/rayon.productgridorlist.productlist_1.thumbnailproduct_0.addproducttoshoppinglist/6707?t:ac=484">Ajouter à ma liste</a></div><div class="infos-produit-1"><div class="prix-actuel"><span>0.94€</span></div></div><div class="infos-produit-2"><a title="Voir le produit" href="http://www.refonte.auchandirect.fr/petit-déjeuner-epicerie-sucrée/petit-déjeuner/pain-de-mie-moelleux-nature/id1/484/6707"><h2>AUCHAN</h2><h4>Pain de mie moelleux nature</h4><h4></h4><p>
500 g
<br/>
1.88€/kg
</p></a></div><div class="mini_picto_bas"><img alt="frais" src="http://www.refonte.auchandirect.fr/static/images/frais_small.jpg"/><img src="http://www.refonte.auchandirect.fr/static/images/DLC-garantie-6j_small.jpg"/></div></div></div></td><td><!-- PL : ici --><div class="bloc-produit produit-auchan"><div class="bloc-produit-content"><a title="Voir le produit" href="http://www.refonte.auchandirect.fr/petit-déjeuner-epicerie-sucrée/petit-déjeuner/pain-de-mie-complet-grandes-tranches/id1/484/12006"><img src="http://www.refonte.auchandirect.fr/static/images/products/line/12006.jpg" alt="" class="produit "/></a><div class="picto"><span class="invisible"></span></div><div class="boutons-produit"><a id="addProductToBasket_59" onclick="javascript:Tapestry.waitForPage(event);" title="Ajouter au panier" class="bt-produit-ajout-panier" href="http://www.refonte.auchandirect.fr/rayon.productgridorlist.productlist_1.thumbnailproduct_0.addproducttobasket/12006?t:ac=484">Ajouter au panier</a><a id="addProductToShoppingList_82" onclick="javascript:Tapestry.waitForPage(event);" title="Ajouter à ma liste" class="bt-produit-ajout-liste" href="http://www.refonte.auchandirect.fr/rayon.productgridorlist.productlist_1.thumbnailproduct_0.addproducttoshoppinglist/12006?t:ac=484">Ajouter à ma liste</a></div><div class="infos-produit-1"><div class="prix-actuel"><span>1.16€</span></div></div><div class="infos-produit-2"><a title="Voir le produit" href="http://www.refonte.auchandirect.fr/petit-déjeuner-epicerie-sucrée/petit-déjeuner/pain-de-mie-complet-grandes-tranches/id1/484/12006"><h2>AUCHAN</h2><h4>Pain de mie complet grandes tranches</h4><h4>Extra large</h4><p>
550 g
<br/>
2.11€/kg
</p></a></div><div class="mini_picto_bas"><img alt="frais" src="http://www.refonte.auchandirect.fr/static/images/frais_small.jpg"/><img src="http://www.refonte.auchandirect.fr/static/images/DLC-garantie-6j_small.jpg"/></div></div></div></td></tr><tr><td><!-- PL : ici --><div class="bloc-produit produit-auchan bientot-dispo"><div class="bloc-produit-content"><a title="Voir le produit" href="http://www.refonte.auchandirect.fr/petit-déjeuner-epicerie-sucrée/petit-déjeuner/pain-de-mie-moelleux-complet/id1/484/15004"><img src="http://www.refonte.auchandirect.fr/static/images/products/line/15004.jpg" alt="" class="produit "/></a><div class="picto"><span class="invisible"></span></div><div class="boutons-produit"><a class="bt-produit-ajout-panier disable" title="Bientôt disponible" href="javascript:void(0)">Bientôt disponible</a><a id="addProductToShoppingList_83" onclick="javascript:Tapestry.waitForPage(event);" title="Ajouter à ma liste" class="bt-produit-ajout-liste" href="http://www.refonte.auchandirect.fr/rayon.productgridorlist.productlist_1.thumbnailproduct_0.addproducttoshoppinglist/15004?t:ac=484">Ajouter à ma liste</a></div><div class="infos-produit-1"><div class="prix-actuel"><span>1.10€</span></div></div><div class="infos-produit-2"><a title="Voir le produit" href="http://www.refonte.auchandirect.fr/petit-déjeuner-epicerie-sucrée/petit-déjeuner/pain-de-mie-moelleux-complet/id1/484/15004"><h2>AUCHAN</h2><h4>Pain de mie moelleux complet</h4><h4></h4><p>
500 g
<br/>
2.20€/kg
</p></a></div><div class="mini_picto_bas"><img alt="frais" src="http://www.refonte.auchandirect.fr/static/images/frais_small.jpg"/><img src="http://www.refonte.auchandirect.fr/static/images/DLC-garantie-6j_small.jpg"/></div></div></div></td><td><!-- PL : ici --><div class="bloc-produit produit-auchan bientot-dispo"><div class="bloc-produit-content"><a title="Voir le produit" href="http://www.refonte.auchandirect.fr/petit-déjeuner-epicerie-sucrée/petit-déjeuner/pain-de-mie-extra-moelleux/id1/484/15051"><img src="http://www.refonte.auchandirect.fr/static/images/products/line/15051.jpg" alt="" class="produit "/></a><div class="picto"><span class="invisible"></span></div><div class="boutons-produit"><a class="bt-produit-ajout-panier disable" title="Bientôt disponible" href="javascript:void(0)">Bientôt disponible</a><a id="addProductToShoppingList_84" onclick="javascript:Tapestry.waitForPage(event);" title="Ajouter à ma liste" class="bt-produit-ajout-liste" href="http://www.refonte.auchandirect.fr/rayon.productgridorlist.productlist_1.thumbnailproduct_0.addproducttoshoppinglist/15051?t:ac=484">Ajouter à ma liste</a></div><div class="infos-produit-1"><div class="prix-actuel"><span>0.56€</span></div></div><div class="infos-produit-2"><a title="Voir le produit" href="http://www.refonte.auchandirect.fr/petit-déjeuner-epicerie-sucrée/petit-déjeuner/pain-de-mie-extra-moelleux/id1/484/15051"><h2>AUCHAN</h2><h4>Pain de mie extra moelleux</h4><h4>Coeur de mie</h4><p>
280 g
<br/>
2.00€/kg
</p></a></div><div class="mini_picto_bas"><img alt="frais" src="http://www.refonte.auchandirect.fr/static/images/frais_small.jpg"/><img src="http://www.refonte.auchandirect.fr/static/images/DLC-garantie-6j_small.jpg"/></div></div></div></td><td><!-- PL : ici --><div class="bloc-produit produit-auchan bientot-dispo"><div class="bloc-produit-content"><a title="Voir le produit" href="http://www.refonte.auchandirect.fr/petit-déjeuner-epicerie-sucrée/petit-déjeuner/pain-de-mie-extra-moelleux/id1/484/6708"><img src="http://www.refonte.auchandirect.fr/static/images/products/line/6708.jpg" alt="" class="produit "/></a><div class="picto"><span class="invisible"></span></div><div class="boutons-produit"><a class="bt-produit-ajout-panier disable" title="Bientôt disponible" href="javascript:void(0)">Bientôt disponible</a><a id="addProductToShoppingList_85" onclick="javascript:Tapestry.waitForPage(event);" title="Ajouter à ma liste" class="bt-produit-ajout-liste" href="http://www.refonte.auchandirect.fr/rayon.productgridorlist.productlist_1.thumbnailproduct_0.addproducttoshoppinglist/6708?t:ac=484">Ajouter à ma liste</a></div><div class="infos-produit-1"><div class="prix-actuel"><span>0.87€</span></div></div><div class="infos-produit-2"><a title="Voir le produit" href="http://www.refonte.auchandirect.fr/petit-déjeuner-epicerie-sucrée/petit-déjeuner/pain-de-mie-extra-moelleux/id1/484/6708"><h2>AUCHAN</h2><h4>Pain de mie extra moelleux</h4><h4>Coeur de mie</h4><p>
500 g
<br/>
1.74€/kg
</p></a></div><div class="mini_picto_bas"><img alt="frais" src="http://www.refonte.auchandirect.fr/static/images/frais_small.jpg"/><img src="http://www.refonte.auchandirect.fr/static/images/DLC-garantie-6j_small.jpg"/></div></div></div></td></tr><tr><td><!-- PL : ici --><div class="bloc-produit produit-auchan bientot-dispo"><div class="bloc-produit-content"><a title="Voir le produit" href="http://www.refonte.auchandirect.fr/petit-déjeuner-epicerie-sucrée/petit-déjeuner/mini-baguettes-précuites/id1/484/4214"><img src="http://www.refonte.auchandirect.fr/static/images/products/line/4214.jpg" alt="" class="produit "/></a><div class="picto"><span class="invisible"></span></div><div class="boutons-produit"><a class="bt-produit-ajout-panier disable" title="Bientôt disponible" href="javascript:void(0)">Bientôt disponible</a><a id="addProductToShoppingList_86" onclick="javascript:Tapestry.waitForPage(event);" title="Ajouter à ma liste" class="bt-produit-ajout-liste" href="http://www.refonte.auchandirect.fr/rayon.productgridorlist.productlist_1.thumbnailproduct_0.addproducttoshoppinglist/4214?t:ac=484">Ajouter à ma liste</a></div><div class="infos-produit-1"><div class="prix-actuel"><span>0.81€</span></div></div><div class="infos-produit-2"><a title="Voir le produit" href="http://www.refonte.auchandirect.fr/petit-déjeuner-epicerie-sucrée/petit-déjeuner/mini-baguettes-précuites/id1/484/4214"><h2>AUCHAN</h2><h4>Mini baguettes précuites</h4><h4></h4><p>
2 x 150 g
<br/>
2.70€/kg
</p></a></div><div class="mini_picto_bas"><img alt="frais" src="http://www.refonte.auchandirect.fr/static/images/frais_small.jpg"/><img src="http://www.refonte.auchandirect.fr/static/images/DLC-garantie-6j_small.jpg"/></div></div></div></td><td><!-- PL : ici --><div class="bloc-produit produit-auchan bientot-dispo"><div class="bloc-produit-content"><a title="Voir le produit" href="http://www.refonte.auchandirect.fr/petit-déjeuner-epicerie-sucrée/petit-déjeuner/petits-pains-spéciaux-précuits-x-8/id1/484/57510"><img src="http://www.refonte.auchandirect.fr/static/images/products/line/57510.jpg" alt="" class="produit "/></a><div class="picto"><span class="invisible"></span></div><div class="boutons-produit"><a class="bt-produit-ajout-panier disable" title="Bientôt disponible" href="javascript:void(0)">Bientôt disponible</a><a id="addProductToShoppingList_87" onclick="javascript:Tapestry.waitForPage(event);" title="Ajouter à ma liste" class="bt-produit-ajout-liste" href="http://www.refonte.auchandirect.fr/rayon.productgridorlist.productlist_1.thumbnailproduct_0.addproducttoshoppinglist/57510?t:ac=484">Ajouter à ma liste</a></div><div class="infos-produit-1"><div class="prix-actuel"><span>1.91€</span></div></div><div class="infos-produit-2"><a title="Voir le produit" href="http://www.refonte.auchandirect.fr/petit-déjeuner-epicerie-sucrée/petit-déjeuner/petits-pains-spéciaux-précuits-x-8/id1/484/57510"><h2>AUCHAN</h2><h4>Petits pains spéciaux précuits x 8</h4><h4></h4><p>
520 g
<br/>
3.67€/kg
</p></a></div><div class="mini_picto_bas"><img alt="frais" src="http://www.refonte.auchandirect.fr/static/images/frais_small.jpg"/><img src="http://www.refonte.auchandirect.fr/static/images/DLC-garantie-6j_small.jpg"/></div></div></div></td><td><!-- PL : ici --><div class="bloc-produit produit-auchan"><div class="bloc-produit-content"><a title="Voir le produit" href="http://www.refonte.auchandirect.fr/petit-déjeuner-epicerie-sucrée/petit-déjeuner/petits-pains-nature-précuits-x-8/id1/484/57509"><img src="http://www.refonte.auchandirect.fr/static/images/products/line/57509.jpg" alt="" class="produit "/></a><div class="picto"><span class="invisible"></span></div><div class="boutons-produit"><a id="addProductToBasket_60" onclick="javascript:Tapestry.waitForPage(event);" title="Ajouter au panier" class="bt-produit-ajout-panier" href="http://www.refonte.auchandirect.fr/rayon.productgridorlist.productlist_1.thumbnailproduct_0.addproducttobasket/57509?t:ac=484">Ajouter au panier</a><a id="addProductToShoppingList_88" onclick="javascript:Tapestry.waitForPage(event);" title="Ajouter à ma liste" class="bt-produit-ajout-liste" href="http://www.refonte.auchandirect.fr/rayon.productgridorlist.productlist_1.thumbnailproduct_0.addproducttoshoppinglist/57509?t:ac=484">Ajouter à ma liste</a></div><div class="infos-produit-1"><div class="prix-actuel"><span>1.77€</span></div></div><div class="infos-produit-2"><a title="Voir le produit" href="http://www.refonte.auchandirect.fr/petit-déjeuner-epicerie-sucrée/petit-déjeuner/petits-pains-nature-précuits-x-8/id1/484/57509"><h2>AUCHAN</h2><h4>Petits pains nature précuits x 8</h4><h4></h4><p>
520 g
<br/>
3.40€/kg
</p></a></div><div class="mini_picto_bas"><img alt="frais" src="http://www.refonte.auchandirect.fr/static/images/frais_small.jpg"/><img src="http://www.refonte.auchandirect.fr/static/images/DLC-garantie-6j_small.jpg"/></div></div></div></td></tr><tr><td><!-- PL : ici --><div class="bloc-produit produit-auchan"><div class="bloc-produit-content"><a title="Voir le produit" href="http://www.refonte.auchandirect.fr/petit-déjeuner-epicerie-sucrée/petit-déjeuner/pain-pita-à-garnir-x-5/id1/484/40823"><img src="http://www.refonte.auchandirect.fr/static/images/products/line/40823.jpg" alt="" class="produit "/></a><div class="picto"><span class="invisible"></span></div><div class="boutons-produit"><a id="addProductToBasket_61" onclick="javascript:Tapestry.waitForPage(event);" title="Ajouter au panier" class="bt-produit-ajout-panier" href="http://www.refonte.auchandirect.fr/rayon.productgridorlist.productlist_1.thumbnailproduct_0.addproducttobasket/40823?t:ac=484">Ajouter au panier</a><a id="addProductToShoppingList_89" onclick="javascript:Tapestry.waitForPage(event);" title="Ajouter à ma liste" class="bt-produit-ajout-liste" href="http://www.refonte.auchandirect.fr/rayon.productgridorlist.productlist_1.thumbnailproduct_0.addproducttoshoppinglist/40823?t:ac=484">Ajouter à ma liste</a></div><div class="infos-produit-1"><div class="prix-actuel"><span>1.75€</span></div></div><div class="infos-produit-2"><a title="Voir le produit" href="http://www.refonte.auchandirect.fr/petit-déjeuner-epicerie-sucrée/petit-déjeuner/pain-pita-à-garnir-x-5/id1/484/40823"><h2>AUCHAN</h2><h4>Pain pita à garnir x 5</h4><h4></h4><p>
350 g
<br/>
5.00€/kg
</p></a></div><div class="mini_picto_bas"><img alt="frais" src="http://www.refonte.auchandirect.fr/static/images/frais_small.jpg"/><img src="http://www.refonte.auchandirect.fr/static/images/DLC-garantie-6j_small.jpg"/></div></div></div></td><td><!-- PL : ici --><div class="bloc-produit produit-auchan bientot-dispo"><div class="bloc-produit-content"><a title="Voir le produit" href="http://www.refonte.auchandirect.fr/petit-déjeuner-epicerie-sucrée/petit-déjeuner/muffin's-complet/id1/484/20052"><img src="http://www.refonte.auchandirect.fr/static/images/products/line/20052.jpg" alt="" class="produit "/></a><div class="picto"><span class="invisible"></span></div><div class="boutons-produit"><a class="bt-produit-ajout-panier disable" title="Bientôt disponible" href="javascript:void(0)">Bientôt disponible</a><a id="addProductToShoppingList_90" onclick="javascript:Tapestry.waitForPage(event);" title="Ajouter à ma liste" class="bt-produit-ajout-liste" href="http://www.refonte.auchandirect.fr/rayon.productgridorlist.productlist_1.thumbnailproduct_0.addproducttoshoppinglist/20052?t:ac=484">Ajouter à ma liste</a></div><div class="infos-produit-1"><div class="prix-actuel"><span>1.66€</span></div></div><div class="infos-produit-2"><a title="Voir le produit" href="http://www.refonte.auchandirect.fr/petit-déjeuner-epicerie-sucrée/petit-déjeuner/muffin's-complet/id1/484/20052"><h2>AUCHAN</h2><h4>Muffin's complet</h4><h4></h4><p>
250 g
<br/>
6.64€/kg
</p></a></div><div class="mini_picto_bas"><img alt="frais" src="http://www.refonte.auchandirect.fr/static/images/frais_small.jpg"/><img src="http://www.refonte.auchandirect.fr/static/images/DLC-garantie-6j_small.jpg"/></div></div></div></td><td><!-- PL : ici --><div class="bloc-produit produit-auchan"><div class="bloc-produit-content"><a title="Voir le produit" href="http://www.refonte.auchandirect.fr/petit-déjeuner-epicerie-sucrée/petit-déjeuner/pain-hamburger-x-6/id1/484/29098"><img src="http://www.refonte.auchandirect.fr/static/images/products/line/29098.jpg" alt="" class="produit "/></a><div class="picto"><span class="invisible"></span></div><div class="boutons-produit"><a id="addProductToBasket_62" onclick="javascript:Tapestry.waitForPage(event);" title="Ajouter au panier" class="bt-produit-ajout-panier" href="http://www.refonte.auchandirect.fr/rayon.productgridorlist.productlist_1.thumbnailproduct_0.addproducttobasket/29098?t:ac=484">Ajouter au panier</a><a id="addProductToShoppingList_91" onclick="javascript:Tapestry.waitForPage(event);" title="Ajouter à ma liste" class="bt-produit-ajout-liste" href="http://www.refonte.auchandirect.fr/rayon.productgridorlist.productlist_1.thumbnailproduct_0.addproducttoshoppinglist/29098?t:ac=484">Ajouter à ma liste</a></div><div class="infos-produit-1"><div class="prix-actuel"><span>1.41€</span></div></div><div class="infos-produit-2"><a title="Voir le produit" href="http://www.refonte.auchandirect.fr/petit-déjeuner-epicerie-sucrée/petit-déjeuner/pain-hamburger-x-6/id1/484/29098"><h2>AUCHAN</h2><h4>Pain hamburger x 6</h4><h4></h4><p>
330 g
<br/>
4.27€/kg
</p></a></div><div class="mini_picto_bas"><img alt="frais" src="http://www.refonte.auchandirect.fr/static/images/frais_small.jpg"/><img src="http://www.refonte.auchandirect.fr/static/images/DLC-garantie-6j_small.jpg"/></div></div></div></td></tr><tr><td><!-- PL : ici --><div class="bloc-produit produit-auchan"><div class="bloc-produit-content"><a title="Voir le produit" href="http://www.refonte.auchandirect.fr/petit-déjeuner-epicerie-sucrée/petit-déjeuner/confiture-de-fruits-allégée/id1/484/49539"><img src="http://www.refonte.auchandirect.fr/static/images/products/line/49539.jpg" alt="" class="produit "/></a><div class="picto"><span class="invisible"></span></div><div class="boutons-produit"><a id="addProductToBasket_63" onclick="javascript:Tapestry.waitForPage(event);" title="Ajouter au panier" class="bt-produit-ajout-panier" href="http://www.refonte.auchandirect.fr/rayon.productgridorlist.productlist_1.thumbnailproduct_0.addproducttobasket/49539?t:ac=484">Ajouter au panier</a><a id="addProductToShoppingList_92" onclick="javascript:Tapestry.waitForPage(event);" title="Ajouter à ma liste" class="bt-produit-ajout-liste" href="http://www.refonte.auchandirect.fr/rayon.productgridorlist.productlist_1.thumbnailproduct_0.addproducttoshoppinglist/49539?t:ac=484">Ajouter à ma liste</a></div><div class="infos-produit-1"><div class="prix-actuel"><span>1.10€</span></div></div><div class="infos-produit-2"><a title="Voir le produit" href="http://www.refonte.auchandirect.fr/petit-déjeuner-epicerie-sucrée/petit-déjeuner/confiture-de-fruits-allégée/id1/484/49539"><h2>AUCHAN</h2><h4>Confiture de fruits allégée</h4><h4>Abricot</h4><p>
350 g
<br/>
3.14€/kg
</p></a></div><div class="mini_picto_bas"><img src="http://www.refonte.auchandirect.fr/static/images/DLC-garantie-30j_small.jpg"/></div></div></div></td><td><!-- PL : ici --><div class="bloc-produit produit-auchan"><div class="bloc-produit-content"><a title="Voir le produit" href="http://www.refonte.auchandirect.fr/petit-déjeuner-epicerie-sucrée/petit-déjeuner/confiture-de-fruits/id1/484/41034"><img src="http://www.refonte.auchandirect.fr/static/images/products/line/41034.jpg" alt="" class="produit "/></a><div class="picto"><span class="invisible"></span></div><div class="boutons-produit"><a id="addProductToBasket_64" onclick="javascript:Tapestry.waitForPage(event);" title="Ajouter au panier" class="bt-produit-ajout-panier" href="http://www.refonte.auchandirect.fr/rayon.productgridorlist.productlist_1.thumbnailproduct_0.addproducttobasket/41034?t:ac=484">Ajouter au panier</a><a id="addProductToShoppingList_93" onclick="javascript:Tapestry.waitForPage(event);" title="Ajouter à ma liste" class="bt-produit-ajout-liste" href="http://www.refonte.auchandirect.fr/rayon.productgridorlist.productlist_1.thumbnailproduct_0.addproducttoshoppinglist/41034?t:ac=484">Ajouter à ma liste</a></div><div class="infos-produit-1"><div class="prix-actuel"><span>2.01€</span></div></div><div class="infos-produit-2"><a title="Voir le produit" href="http://www.refonte.auchandirect.fr/petit-déjeuner-epicerie-sucrée/petit-déjeuner/confiture-de-fruits/id1/484/41034"><h2>AUCHAN</h2><h4>Confiture de fruits</h4><h4>Abricot</h4><p>
750 g
<br/>
2.68€/kg
</p></a></div><div class="mini_picto_bas"><img src="http://www.refonte.auchandirect.fr/static/images/DLC-garantie-30j_small.jpg"/></div></div></div></td><td><!-- PL : ici --><div class="bloc-produit produit-auchan"><div class="bloc-produit-content"><a title="Voir le produit" href="http://www.refonte.auchandirect.fr/petit-déjeuner-epicerie-sucrée/petit-déjeuner/marmelade/id1/484/39694"><img src="http://www.refonte.auchandirect.fr/static/images/products/line/39694.jpg" alt="" class="produit "/></a><div class="picto"><span class="invisible"></span></div><div class="boutons-produit"><a id="addProductToBasket_65" onclick="javascript:Tapestry.waitForPage(event);" title="Ajouter au panier" class="bt-produit-ajout-panier" href="http://www.refonte.auchandirect.fr/rayon.productgridorlist.productlist_1.thumbnailproduct_0.addproducttobasket/39694?t:ac=484">Ajouter au panier</a><a id="addProductToShoppingList_94" onclick="javascript:Tapestry.waitForPage(event);" title="Ajouter à ma liste" class="bt-produit-ajout-liste" href="http://www.refonte.auchandirect.fr/rayon.productgridorlist.productlist_1.thumbnailproduct_0.addproducttoshoppinglist/39694?t:ac=484">Ajouter à ma liste</a></div><div class="infos-produit-1"><div class="prix-actuel"><span>1.09€</span></div></div><div class="infos-produit-2"><a title="Voir le produit" href="http://www.refonte.auchandirect.fr/petit-déjeuner-epicerie-sucrée/petit-déjeuner/marmelade/id1/484/39694"><h2>AUCHAN</h2><h4>Marmelade</h4><h4>Orange</h4><p>
370 g
<br/>
2.95€/kg
</p></a></div><div class="mini_picto_bas"><img src="http://www.refonte.auchandirect.fr/static/images/DLC-garantie-30j_small.jpg"/></div></div></div></td></tr><tr><td><!-- PL : ici --><div class="bloc-produit produit-auchan"><div class="bloc-produit-content"><a title="Voir le produit" href="http://www.refonte.auchandirect.fr/petit-déjeuner-epicerie-sucrée/petit-déjeuner/confiture-de-fruits/id1/484/39695"><img src="http://www.refonte.auchandirect.fr/static/images/products/line/39695.jpg" alt="" class="produit "/></a><div class="picto"><span class="invisible"></span></div><div class="boutons-produit"><a id="addProductToBasket_66" onclick="javascript:Tapestry.waitForPage(event);" title="Ajouter au panier" class="bt-produit-ajout-panier" href="http://www.refonte.auchandirect.fr/rayon.productgridorlist.productlist_1.thumbnailproduct_0.addproducttobasket/39695?t:ac=484">Ajouter au panier</a><a id="addProductToShoppingList_95" onclick="javascript:Tapestry.waitForPage(event);" title="Ajouter à ma liste" class="bt-produit-ajout-liste" href="http://www.refonte.auchandirect.fr/rayon.productgridorlist.productlist_1.thumbnailproduct_0.addproducttoshoppinglist/39695?t:ac=484">Ajouter à ma liste</a></div><div class="infos-produit-1"><div class="prix-actuel"><span>1.12€</span></div></div><div class="infos-produit-2"><a title="Voir le produit" href="http://www.refonte.auchandirect.fr/petit-déjeuner-epicerie-sucrée/petit-déjeuner/confiture-de-fruits/id1/484/39695"><h2>AUCHAN</h2><h4>Confiture de fruits</h4><h4>Abricot</h4><p>
370 g
<br/>
3.03€/kg
</p></a></div><div class="mini_picto_bas"><img src="http://www.refonte.auchandirect.fr/static/images/DLC-garantie-30j_small.jpg"/></div></div></div></td><td><!-- PL : ici --><div class="bloc-produit produit-auchan"><div class="bloc-produit-content"><a title="Voir le produit" href="http://www.refonte.auchandirect.fr/petit-déjeuner-epicerie-sucrée/petit-déjeuner/confiture-extra-de-fruits/id1/484/2182"><img src="http://www.refonte.auchandirect.fr/static/images/products/line/2182.jpg" alt="" class="produit "/></a><div class="picto"><span class="invisible"></span></div><div class="boutons-produit"><a id="addProductToBasket_67" onclick="javascript:Tapestry.waitForPage(event);" title="Ajouter au panier" class="bt-produit-ajout-panier" href="http://www.refonte.auchandirect.fr/rayon.productgridorlist.productlist_1.thumbnailproduct_0.addproducttobasket/2182?t:ac=484">Ajouter au panier</a><a id="addProductToShoppingList_96" onclick="javascript:Tapestry.waitForPage(event);" title="Ajouter à ma liste" class="bt-produit-ajout-liste" href="http://www.refonte.auchandirect.fr/rayon.productgridorlist.productlist_1.thumbnailproduct_0.addproducttoshoppinglist/2182?t:ac=484">Ajouter à ma liste</a></div><div class="infos-produit-1"><div class="prix-actuel"><span>1.67€</span></div></div><div class="infos-produit-2"><a title="Voir le produit" href="http://www.refonte.auchandirect.fr/petit-déjeuner-epicerie-sucrée/petit-déjeuner/confiture-extra-de-fruits/id1/484/2182"><h2>AUCHAN</h2><h4>Confiture extra de fruits</h4><h4>Figues</h4><p>
370 g
<br/>
4.51€/kg
</p></a></div><div class="mini_picto_bas"><img src="http://www.refonte.auchandirect.fr/static/images/DLC-garantie-30j_small.jpg"/></div></div></div></td><td><!-- PL : ici --><div class="bloc-produit produit-auchan"><div class="bloc-produit-content"><a title="Voir le produit" href="http://www.refonte.auchandirect.fr/petit-déjeuner-epicerie-sucrée/petit-déjeuner/gelée-de-fruits/id1/484/39936"><img src="http://www.refonte.auchandirect.fr/static/images/products/line/39936.jpg" alt="" class="produit "/></a><div class="picto"><span class="invisible"></span></div><div class="boutons-produit"><a id="addProductToBasket_68" onclick="javascript:Tapestry.waitForPage(event);" title="Ajouter au panier" class="bt-produit-ajout-panier" href="http://www.refonte.auchandirect.fr/rayon.productgridorlist.productlist_1.thumbnailproduct_0.addproducttobasket/39936?t:ac=484">Ajouter au panier</a><a id="addProductToShoppingList_97" onclick="javascript:Tapestry.waitForPage(event);" title="Ajouter à ma liste" class="bt-produit-ajout-liste" href="http://www.refonte.auchandirect.fr/rayon.productgridorlist.productlist_1.thumbnailproduct_0.addproducttoshoppinglist/39936?t:ac=484">Ajouter à ma liste</a></div><div class="infos-produit-1"><div class="prix-actuel"><span>1.21€</span></div></div><div class="infos-produit-2"><a title="Voir le produit" href="http://www.refonte.auchandirect.fr/petit-déjeuner-epicerie-sucrée/petit-déjeuner/gelée-de-fruits/id1/484/39936"><h2>AUCHAN</h2><h4>Gelée de fruits</h4><h4>Groseilles rouges</h4><p>
370 g
<br/>
3.27€/kg
</p></a></div><div class="mini_picto_bas"><img src="http://www.refonte.auchandirect.fr/static/images/DLC-garantie-30j_small.jpg"/></div></div></div></td></tr><tr><td><!-- PL : ici --><div class="bloc-produit produit-auchan"><div class="bloc-produit-content"><a title="Voir le produit" href="http://www.refonte.auchandirect.fr/petit-déjeuner-epicerie-sucrée/petit-déjeuner/confiture-extra-de-fruits/id1/484/41033"><img src="http://www.refonte.auchandirect.fr/static/images/products/line/41033.jpg" alt="" class="produit "/></a><div class="picto"><span class="invisible"></span></div><div class="boutons-produit"><a id="addProductToBasket_69" onclick="javascript:Tapestry.waitForPage(event);" title="Ajouter au panier" class="bt-produit-ajout-panier" href="http://www.refonte.auchandirect.fr/rayon.productgridorlist.productlist_1.thumbnailproduct_0.addproducttobasket/41033?t:ac=484">Ajouter au panier</a><a id="addProductToShoppingList_98" onclick="javascript:Tapestry.waitForPage(event);" title="Ajouter à ma liste" class="bt-produit-ajout-liste" href="http://www.refonte.auchandirect.fr/rayon.productgridorlist.productlist_1.thumbnailproduct_0.addproducttoshoppinglist/41033?t:ac=484">Ajouter à ma liste</a></div><div class="infos-produit-1"><div class="prix-actuel"><span>2.19€</span></div></div><div class="infos-produit-2"><a title="Voir le produit" href="http://www.refonte.auchandirect.fr/petit-déjeuner-epicerie-sucrée/petit-déjeuner/confiture-extra-de-fruits/id1/484/41033"><h2>AUCHAN</h2><h4>Confiture extra de fruits</h4><h4>Fraise</h4><p>
750 g
<br/>
2.92€/kg
</p></a></div><div class="mini_picto_bas"><img src="http://www.refonte.auchandirect.fr/static/images/DLC-garantie-30j_small.jpg"/></div></div></div></td><td><!-- PL : ici --><div class="bloc-produit produit-auchan bientot-dispo"><div class="bloc-produit-content"><a title="Voir le produit" href="http://www.refonte.auchandirect.fr/petit-déjeuner-epicerie-sucrée/petit-déjeuner/confiture-de-fruits-allégée/id1/484/47631"><img src="http://www.refonte.auchandirect.fr/static/images/products/line/47631.jpg" alt="" class="produit "/></a><div class="picto"><span class="invisible"></span></div><div class="boutons-produit"><a class="bt-produit-ajout-panier disable" title="Bientôt disponible" href="javascript:void(0)">Bientôt disponible</a><a id="addProductToShoppingList_99" onclick="javascript:Tapestry.waitForPage(event);" title="Ajouter à ma liste" class="bt-produit-ajout-liste" href="http://www.refonte.auchandirect.fr/rayon.productgridorlist.productlist_1.thumbnailproduct_0.addproducttoshoppinglist/47631?t:ac=484">Ajouter à ma liste</a></div><div class="infos-produit-1"><div class="prix-actuel"><span>1.26€</span></div></div><div class="infos-produit-2"><a title="Voir le produit" href="http://www.refonte.auchandirect.fr/petit-déjeuner-epicerie-sucrée/petit-déjeuner/confiture-de-fruits-allégée/id1/484/47631"><h2>AUCHAN</h2><h4>Confiture de fruits allégée</h4><h4>Fraise</h4><p>
350 g
<br/>
3.60€/kg
</p></a></div><div class="mini_picto_bas"><img src="http://www.refonte.auchandirect.fr/static/images/DLC-garantie-30j_small.jpg"/></div></div></div></td><td><!-- PL : ici --><div class="bloc-produit produit-auchan"><div class="bloc-produit-content"><a title="Voir le produit" href="http://www.refonte.auchandirect.fr/petit-déjeuner-epicerie-sucrée/petit-déjeuner/confiture-de-fruits/id1/484/39696"><img src="http://www.refonte.auchandirect.fr/static/images/products/line/39696.jpg" alt="" class="produit "/></a><div class="picto"><span class="invisible"></span></div><div class="boutons-produit"><a id="addProductToBasket_70" onclick="javascript:Tapestry.waitForPage(event);" title="Ajouter au panier" class="bt-produit-ajout-panier" href="http://www.refonte.auchandirect.fr/rayon.productgridorlist.productlist_1.thumbnailproduct_0.addproducttobasket/39696?t:ac=484">Ajouter au panier</a><a id="addProductToShoppingList_100" onclick="javascript:Tapestry.waitForPage(event);" title="Ajouter à ma liste" class="bt-produit-ajout-liste" href="http://www.refonte.auchandirect.fr/rayon.productgridorlist.productlist_1.thumbnailproduct_0.addproducttoshoppinglist/39696?t:ac=484">Ajouter à ma liste</a></div><div class="infos-produit-1"><div class="prix-actuel"><span>1.43€</span></div></div><div class="infos-produit-2"><a title="Voir le produit" href="http://www.refonte.auchandirect.fr/petit-déjeuner-epicerie-sucrée/petit-déjeuner/confiture-de-fruits/id1/484/39696"><h2>AUCHAN</h2><h4>Confiture de fruits</h4><h4>Cerise griotte</h4><p>
370 g
<br/>
3.86€/kg
</p></a></div><div class="mini_picto_bas"><img src="http://www.refonte.auchandirect.fr/static/images/DLC-garantie-30j_small.jpg"/></div></div></div></td></tr><tr><td><!-- PL : ici --><div class="bloc-produit produit-auchan"><div class="bloc-produit-content"><a title="Voir le produit" href="http://www.refonte.auchandirect.fr/petit-déjeuner-epicerie-sucrée/petit-déjeuner/confiture-extra-de-fruits/id1/484/39640"><img src="http://www.refonte.auchandirect.fr/static/images/products/line/39640.jpg" alt="" class="produit "/></a><div class="picto"><span class="invisible"></span></div><div class="boutons-produit"><a id="addProductToBasket_71" onclick="javascript:Tapestry.waitForPage(event);" title="Ajouter au panier" class="bt-produit-ajout-panier" href="http://www.refonte.auchandirect.fr/rayon.productgridorlist.productlist_1.thumbnailproduct_0.addproducttobasket/39640?t:ac=484">Ajouter au panier</a><a id="addProductToShoppingList_101" onclick="javascript:Tapestry.waitForPage(event);" title="Ajouter à ma liste" class="bt-produit-ajout-liste" href="http://www.refonte.auchandirect.fr/rayon.productgridorlist.productlist_1.thumbnailproduct_0.addproducttoshoppinglist/39640?t:ac=484">Ajouter à ma liste</a></div><div class="infos-produit-1"><div class="prix-actuel"><span>1.66€</span></div></div><div class="infos-produit-2"><a title="Voir le produit" href="http://www.refonte.auchandirect.fr/petit-déjeuner-epicerie-sucrée/petit-déjeuner/confiture-extra-de-fruits/id1/484/39640"><h2>AUCHAN</h2><h4>Confiture extra de fruits</h4><h4>Framboise</h4><p>
370 g
<br/>
4.49€/kg
</p></a></div><div class="mini_picto_bas"><img src="http://www.refonte.auchandirect.fr/static/images/DLC-garantie-30j_small.jpg"/></div></div></div></td><td><!-- PL : ici --><div class="bloc-produit produit-auchan"><div class="bloc-produit-content"><a title="Voir le produit" href="http://www.refonte.auchandirect.fr/petit-déjeuner-epicerie-sucrée/petit-déjeuner/confiture-de-fruits/id1/484/39937"><img src="http://www.refonte.auchandirect.fr/static/images/products/line/39937.jpg" alt="" class="produit "/></a><div class="picto"><span class="invisible"></span></div><div class="boutons-produit"><a id="addProductToBasket_72" onclick="javascript:Tapestry.waitForPage(event);" title="Ajouter au panier" class="bt-produit-ajout-panier" href="http://www.refonte.auchandirect.fr/rayon.productgridorlist.productlist_1.thumbnailproduct_0.addproducttobasket/39937?t:ac=484">Ajouter au panier</a><a id="addProductToShoppingList_102" onclick="javascript:Tapestry.waitForPage(event);" title="Ajouter à ma liste" class="bt-produit-ajout-liste" href="http://www.refonte.auchandirect.fr/rayon.productgridorlist.productlist_1.thumbnailproduct_0.addproducttoshoppinglist/39937?t:ac=484">Ajouter à ma liste</a></div><div class="infos-produit-1"><div class="prix-actuel"><span>1.43€</span></div></div><div class="infos-produit-2"><a title="Voir le produit" href="http://www.refonte.auchandirect.fr/petit-déjeuner-epicerie-sucrée/petit-déjeuner/confiture-de-fruits/id1/484/39937"><h2>AUCHAN</h2><h4>Confiture de fruits</h4><h4>4 fruits</h4><p>
370 g
<br/>
3.86€/kg
</p></a></div><div class="mini_picto_bas"><img src="http://www.refonte.auchandirect.fr/static/images/DLC-garantie-30j_small.jpg"/></div></div></div></td><td><!-- PL : ici --><div class="bloc-produit produit-auchan"><div class="bloc-produit-content"><a title="Voir le produit" href="http://www.refonte.auchandirect.fr/petit-déjeuner-epicerie-sucrée/petit-déjeuner/confiture-extra-de-fruits/id1/484/39697"><img src="http://www.refonte.auchandirect.fr/static/images/products/line/39697.jpg" alt="" class="produit "/></a><div class="picto"><span class="invisible"></span></div><div class="boutons-produit"><a id="addProductToBasket_73" onclick="javascript:Tapestry.waitForPage(event);" title="Ajouter au panier" class="bt-produit-ajout-panier" href="http://www.refonte.auchandirect.fr/rayon.productgridorlist.productlist_1.thumbnailproduct_0.addproducttobasket/39697?t:ac=484">Ajouter au panier</a><a id="addProductToShoppingList_103" onclick="javascript:Tapestry.waitForPage(event);" title="Ajouter à ma liste" class="bt-produit-ajout-liste" href="http://www.refonte.auchandirect.fr/rayon.productgridorlist.productlist_1.thumbnailproduct_0.addproducttoshoppinglist/39697?t:ac=484">Ajouter à ma liste</a></div><div class="infos-produit-1"><div class="prix-actuel"><span>1.30€</span></div></div><div class="infos-produit-2"><a title="Voir le produit" href="http://www.refonte.auchandirect.fr/petit-déjeuner-epicerie-sucrée/petit-déjeuner/confiture-extra-de-fruits/id1/484/39697"><h2>AUCHAN</h2><h4>Confiture extra de fruits</h4><h4>Fraise</h4><p>
370 g
<br/>
3.51€/kg
</p></a></div><div class="mini_picto_bas"><img src="http://www.refonte.auchandirect.fr/static/images/DLC-garantie-30j_small.jpg"/></div></div></div></td></tr><tr><td><!-- PL : ici --><div class="bloc-produit produit-auchan bientot-dispo"><div class="bloc-produit-content"><a title="Voir le produit" href="http://www.refonte.auchandirect.fr/petit-déjeuner-epicerie-sucrée/petit-déjeuner/miel-en-doseur/id1/484/41540"><img src="http://www.refonte.auchandirect.fr/static/images/products/line/41540.jpg" alt="" class="produit "/></a><div class="picto"><span class="invisible"></span></div><div class="boutons-produit"><a class="bt-produit-ajout-panier disable" title="Bientôt disponible" href="javascript:void(0)">Bientôt disponible</a><a id="addProductToShoppingList_104" onclick="javascript:Tapestry.waitForPage(event);" title="Ajouter à ma liste" class="bt-produit-ajout-liste" href="http://www.refonte.auchandirect.fr/rayon.productgridorlist.productlist_1.thumbnailproduct_0.addproducttoshoppinglist/41540?t:ac=484">Ajouter à ma liste</a></div><div class="infos-produit-1"><div class="prix-actuel"><span>2.17€</span></div></div><div class="infos-produit-2"><a title="Voir le produit" href="http://www.refonte.auchandirect.fr/petit-déjeuner-epicerie-sucrée/petit-déjeuner/miel-en-doseur/id1/484/41540"><h2>AUCHAN</h2><h4>Miel en doseur</h4><h4>Squeezer</h4><p>
250 g
<br/>
8.68€/kg
</p></a></div><div class="mini_picto_bas"><img src="http://www.refonte.auchandirect.fr/static/images/DLC-garantie-30j_small.jpg"/></div></div></div></td><td><!-- PL : ici --><div class="bloc-produit produit-auchan"><div class="bloc-produit-content"><a title="Voir le produit" href="http://www.refonte.auchandirect.fr/petit-déjeuner-epicerie-sucrée/petit-déjeuner/miel-crémeux/id1/484/2107"><img src="http://www.refonte.auchandirect.fr/static/images/products/line/2107.jpg" alt="" class="produit "/></a><div class="picto"><span class="invisible"></span></div><div class="boutons-produit"><a id="addProductToBasket_74" onclick="javascript:Tapestry.waitForPage(event);" title="Ajouter au panier" class="bt-produit-ajout-panier" href="http://www.refonte.auchandirect.fr/rayon.productgridorlist.productlist_1.thumbnailproduct_0.addproducttobasket/2107?t:ac=484">Ajouter au panier</a><a id="addProductToShoppingList_105" onclick="javascript:Tapestry.waitForPage(event);" title="Ajouter à ma liste" class="bt-produit-ajout-liste" href="http://www.refonte.auchandirect.fr/rayon.productgridorlist.productlist_1.thumbnailproduct_0.addproducttoshoppinglist/2107?t:ac=484">Ajouter à ma liste</a></div><div class="infos-produit-1"><div class="prix-actuel"><span>3.87€</span></div></div><div class="infos-produit-2"><a title="Voir le produit" href="http://www.refonte.auchandirect.fr/petit-déjeuner-epicerie-sucrée/petit-déjeuner/miel-crémeux/id1/484/2107"><h2>AUCHAN</h2><h4>Miel crémeux</h4><h4></h4><p>
500 g
<br/>
7.74€/kg
</p></a></div><div class="mini_picto_bas"><img src="http://www.refonte.auchandirect.fr/static/images/DLC-garantie-30j_small.jpg"/></div></div></div></td><td><!-- PL : ici --><div class="bloc-produit produit-auchan"><div class="bloc-produit-content"><a title="Voir le produit" href="http://www.refonte.auchandirect.fr/petit-déjeuner-epicerie-sucrée/petit-déjeuner/pâte-à-tartiner/id1/484/1200"><img src="http://www.refonte.auchandirect.fr/static/images/products/line/1200.jpg" alt="" class="produit "/></a><div class="picto"><span class="invisible"></span></div><div class="boutons-produit"><a id="addProductToBasket_75" onclick="javascript:Tapestry.waitForPage(event);" title="Ajouter au panier" class="bt-produit-ajout-panier" href="http://www.refonte.auchandirect.fr/rayon.productgridorlist.productlist_1.thumbnailproduct_0.addproducttobasket/1200?t:ac=484">Ajouter au panier</a><a id="addProductToShoppingList_106" onclick="javascript:Tapestry.waitForPage(event);" title="Ajouter à ma liste" class="bt-produit-ajout-liste" href="http://www.refonte.auchandirect.fr/rayon.productgridorlist.productlist_1.thumbnailproduct_0.addproducttoshoppinglist/1200?t:ac=484">Ajouter à ma liste</a></div><div class="infos-produit-1"><div class="prix-actuel"><span>2.36€</span></div></div><div class="infos-produit-2"><a title="Voir le produit" href="http://www.refonte.auchandirect.fr/petit-déjeuner-epicerie-sucrée/petit-déjeuner/pâte-à-tartiner/id1/484/1200"><h2>AUCHAN</h2><h4>Pâte à tartiner</h4><h4>Noisettes au lait</h4><p>
750 g
<br/>
3.15€/kg
</p></a></div><div class="mini_picto_bas"><img src="http://www.refonte.auchandirect.fr/static/images/DLC-garantie-30j_small.jpg"/></div></div></div></td></tr><tr><td><!-- PL : ici --><div class="bloc-produit produit-auchan bientot-dispo"><div class="bloc-produit-content"><a title="Voir le produit" href="http://www.refonte.auchandirect.fr/boissons/jus,-softs/jus-de-fruit-4-agrumes/id1/476/58911"><img src="http://www.refonte.auchandirect.fr/static/images/products/line/58911.jpg" alt="" class="produit "/></a><div class="picto"><span class="invisible"></span></div><div class="boutons-produit"><a class="bt-produit-ajout-panier disable" title="Bientôt disponible" href="javascript:void(0)">Bientôt disponible</a><a id="addProductToShoppingList_107" onclick="javascript:Tapestry.waitForPage(event);" title="Ajouter à ma liste" class="bt-produit-ajout-liste" href="http://www.refonte.auchandirect.fr/rayon.productgridorlist.productlist_1.thumbnailproduct_0.addproducttoshoppinglist/58911?t:ac=484">Ajouter à ma liste</a></div><div class="infos-produit-1"><div class="prix-actuel"><span>1.68€</span></div></div><div class="infos-produit-2"><a title="Voir le produit" href="http://www.refonte.auchandirect.fr/boissons/jus,-softs/jus-de-fruit-4-agrumes/id1/476/58911"><h2>AUCHAN</h2><h4>Jus de fruit 4 agrumes</h4><h4></h4><p>
1 l
<br/>
1.68€/l
</p></a></div><div class="mini_picto_bas"></div></div></div></td><td><!-- PL : ici --><div class="bloc-produit produit-auchan bientot-dispo"><div class="bloc-produit-content"><a title="Voir le produit" href="http://www.refonte.auchandirect.fr/boissons/jus,-softs/jus-de-clémentine/id1/476/37928"><img src="http://www.refonte.auchandirect.fr/static/images/products/line/37928.jpg" alt="" class="produit "/></a><div class="picto"><span class="invisible"></span></div><div class="boutons-produit"><a class="bt-produit-ajout-panier disable" title="Bientôt disponible" href="javascript:void(0)">Bientôt disponible</a><a id="addProductToShoppingList_108" onclick="javascript:Tapestry.waitForPage(event);" title="Ajouter à ma liste" class="bt-produit-ajout-liste" href="http://www.refonte.auchandirect.fr/rayon.productgridorlist.productlist_1.thumbnailproduct_0.addproducttoshoppinglist/37928?t:ac=484">Ajouter à ma liste</a></div><div class="infos-produit-1"><div class="prix-actuel"><span>1.75€</span></div></div><div class="infos-produit-2"><a title="Voir le produit" href="http://www.refonte.auchandirect.fr/boissons/jus,-softs/jus-de-clémentine/id1/476/37928"><h2>AUCHAN</h2><h4>Jus de clémentine</h4><h4></h4><p>
1 l
<br/>
1.75€/l
</p></a></div><div class="mini_picto_bas"></div></div></div></td><td><!-- PL : ici --><div class="bloc-produit produit-auchan"><div class="bloc-produit-content"><a title="Voir le produit" href="http://www.refonte.auchandirect.fr/boissons/jus,-softs/pur-jus-de-pamplemousse-rose/id1/476/37589"><img src="http://www.refonte.auchandirect.fr/static/images/products/line/37589.jpg" alt="" class="produit "/></a><div class="picto"><span class="invisible"></span></div><div class="boutons-produit"><a id="addProductToBasket_76" onclick="javascript:Tapestry.waitForPage(event);" title="Ajouter au panier" class="bt-produit-ajout-panier" href="http://www.refonte.auchandirect.fr/rayon.productgridorlist.productlist_1.thumbnailproduct_0.addproducttobasket/37589?t:ac=484">Ajouter au panier</a><a id="addProductToShoppingList_109" onclick="javascript:Tapestry.waitForPage(event);" title="Ajouter à ma liste" class="bt-produit-ajout-liste" href="http://www.refonte.auchandirect.fr/rayon.productgridorlist.productlist_1.thumbnailproduct_0.addproducttoshoppinglist/37589?t:ac=484">Ajouter à ma liste</a></div><div class="infos-produit-1"><div class="prix-actuel"><span>1.95€</span></div></div><div class="infos-produit-2"><a title="Voir le produit" href="http://www.refonte.auchandirect.fr/boissons/jus,-softs/pur-jus-de-pamplemousse-rose/id1/476/37589"><h2>AUCHAN</h2><h4>Pur jus de pamplemousse rose</h4><h4></h4><p>
1 l
<br/>
1.95€/l
</p></a></div><div class="mini_picto_bas"></div></div></div></td></tr><tr><td><!-- PL : ici --><div class="bloc-produit produit-auchan"><div class="bloc-produit-content"><a title="Voir le produit" href="http://www.refonte.auchandirect.fr/boissons/jus,-softs/pur-jus-de-pamplemousse-blanc/id1/476/37590"><img src="http://www.refonte.auchandirect.fr/static/images/products/line/37590.jpg" alt="" class="produit "/></a><div class="picto"><span class="invisible"></span></div><div class="boutons-produit"><a id="addProductToBasket_77" onclick="javascript:Tapestry.waitForPage(event);" title="Ajouter au panier" class="bt-produit-ajout-panier" href="http://www.refonte.auchandirect.fr/rayon.productgridorlist.productlist_1.thumbnailproduct_0.addproducttobasket/37590?t:ac=484">Ajouter au panier</a><a id="addProductToShoppingList_110" onclick="javascript:Tapestry.waitForPage(event);" title="Ajouter à ma liste" class="bt-produit-ajout-liste" href="http://www.refonte.auchandirect.fr/rayon.productgridorlist.productlist_1.thumbnailproduct_0.addproducttoshoppinglist/37590?t:ac=484">Ajouter à ma liste</a></div><div class="infos-produit-1"><div class="prix-actuel"><span>1.64€</span></div></div><div class="infos-produit-2"><a title="Voir le produit" href="http://www.refonte.auchandirect.fr/boissons/jus,-softs/pur-jus-de-pamplemousse-blanc/id1/476/37590"><h2>AUCHAN</h2><h4>Pur jus de pamplemousse blanc</h4><h4></h4><p>
1 l
<br/>
1.64€/l
</p></a></div><div class="mini_picto_bas"></div></div></div></td><td><!-- PL : ici --><div class="bloc-produit produit-auchan"><div class="bloc-produit-content"><a title="Voir le produit" href="http://www.refonte.auchandirect.fr/boissons/jus,-softs/jus-de-pamplemousse/id1/476/2311"><img src="http://www.refonte.auchandirect.fr/static/images/products/line/2311.jpg" alt="" class="produit "/></a><div class="picto"><span class="invisible"></span></div><div class="boutons-produit"><a id="addProductToBasket_78" onclick="javascript:Tapestry.waitForPage(event);" title="Ajouter au panier" class="bt-produit-ajout-panier" href="http://www.refonte.auchandirect.fr/rayon.productgridorlist.productlist_1.thumbnailproduct_0.addproducttobasket/2311?t:ac=484">Ajouter au panier</a><a id="addProductToShoppingList_111" onclick="javascript:Tapestry.waitForPage(event);" title="Ajouter à ma liste" class="bt-produit-ajout-liste" href="http://www.refonte.auchandirect.fr/rayon.productgridorlist.productlist_1.thumbnailproduct_0.addproducttoshoppinglist/2311?t:ac=484">Ajouter à ma liste</a></div><div class="infos-produit-1"><div class="prix-actuel"><span>1.08€</span></div></div><div class="infos-produit-2"><a title="Voir le produit" href="http://www.refonte.auchandirect.fr/boissons/jus,-softs/jus-de-pamplemousse/id1/476/2311"><h2>AUCHAN</h2><h4>Jus de pamplemousse</h4><h4></h4><p>
1 l
<br/>
1.08€/l
</p></a></div><div class="mini_picto_bas"></div></div></div></td><td><!-- PL : ici --><div class="bloc-produit produit-auchan bientot-dispo"><div class="bloc-produit-content"><a title="Voir le produit" href="../../../boissons/jus,-softs/pur-jus-de-pamplemousse-avec-pulpe/id1/476/6746.html"><img src="http://www.refonte.auchandirect.fr/static/images/products/line/6746.jpg" alt="" class="produit "/></a><div class="picto"><span class="invisible"></span></div><div class="boutons-produit"><a class="bt-produit-ajout-panier disable" title="Bientôt disponible" href="javascript:void(0)">Bientôt disponible</a><a id="addProductToShoppingList_112" onclick="javascript:Tapestry.waitForPage(event);" title="Ajouter à ma liste" class="bt-produit-ajout-liste" href="http://www.refonte.auchandirect.fr/rayon.productgridorlist.productlist_1.thumbnailproduct_0.addproducttoshoppinglist/6746?t:ac=484">Ajouter à ma liste</a></div><div class="infos-produit-1"><div class="prix-actuel"><span>2.14€</span></div></div><div class="infos-produit-2"><a title="Voir le produit" href="../../../boissons/jus,-softs/pur-jus-de-pamplemousse-avec-pulpe/id1/476/6746.html"><h2>AUCHAN</h2><h4>Pur jus de pamplemousse avec pulpe</h4><h4></h4><p>
1 l
<br/>
2.14€/l
</p></a></div><div class="mini_picto_bas"><img alt="frais" src="http://www.refonte.auchandirect.fr/static/images/frais_small.jpg"/><img src="http://www.refonte.auchandirect.fr/static/images/DLC-garantie-6j_small.jpg"/></div></div></div></td></tr><tr><td><!-- PL : ici --><div class="bloc-produit produit-auchan bientot-dispo"><div class="bloc-produit-content"><a title="Voir le produit" href="../../../boissons/jus,-softs/pur-jus-de-fruit-aux-3-agrumes/id1/476/42195.html"><img src="http://www.refonte.auchandirect.fr/static/images/products/line/42195.jpg" alt="" class="produit "/></a><div class="picto"><span class="invisible"></span></div><div class="boutons-produit"><a class="bt-produit-ajout-panier disable" title="Bientôt disponible" href="javascript:void(0)">Bientôt disponible</a><a id="addProductToShoppingList_113" onclick="javascript:Tapestry.waitForPage(event);" title="Ajouter à ma liste" class="bt-produit-ajout-liste" href="http://www.refonte.auchandirect.fr/rayon.productgridorlist.productlist_1.thumbnailproduct_0.addproducttoshoppinglist/42195?t:ac=484">Ajouter à ma liste</a></div><div class="infos-produit-1"><div class="prix-actuel"><span>2.05€</span></div></div><div class="infos-produit-2"><a title="Voir le produit" href="../../../boissons/jus,-softs/pur-jus-de-fruit-aux-3-agrumes/id1/476/42195.html"><h2>AUCHAN</h2><h4>Pur jus de fruit aux 3 agrumes</h4><h4>Orange, pamplemousse et orange sanguine</h4><p>
1 l
<br/>
2.05€/l
</p></a></div><div class="mini_picto_bas"><img alt="frais" src="http://www.refonte.auchandirect.fr/static/images/frais_small.jpg"/><img src="http://www.refonte.auchandirect.fr/static/images/DLC-garantie-6j_small.jpg"/></div></div></div></td><td><!-- PL : ici --><div class="bloc-produit produit-auchan"><div class="bloc-produit-content"><a title="Voir le produit" href="http://www.refonte.auchandirect.fr/boissons/jus,-softs/jus-d'ananas/id1/476/2310"><img src="http://www.refonte.auchandirect.fr/static/images/products/line/2310.jpg" alt="" class="produit "/></a><div class="picto"><span class="invisible"></span></div><div class="boutons-produit"><a id="addProductToBasket_79" onclick="javascript:Tapestry.waitForPage(event);" title="Ajouter au panier" class="bt-produit-ajout-panier" href="http://www.refonte.auchandirect.fr/rayon.productgridorlist.productlist_1.thumbnailproduct_0.addproducttobasket/2310?t:ac=484">Ajouter au panier</a><a id="addProductToShoppingList_114" onclick="javascript:Tapestry.waitForPage(event);" title="Ajouter à ma liste" class="bt-produit-ajout-liste" href="http://www.refonte.auchandirect.fr/rayon.productgridorlist.productlist_1.thumbnailproduct_0.addproducttoshoppinglist/2310?t:ac=484">Ajouter à ma liste</a></div><div class="infos-produit-1"><div class="prix-actuel"><span>0.99€</span></div></div><div class="infos-produit-2"><a title="Voir le produit" href="http://www.refonte.auchandirect.fr/boissons/jus,-softs/jus-d'ananas/id1/476/2310"><h2>AUCHAN</h2><h4>Jus d'ananas</h4><h4></h4><p>
1 l
<br/>
0.99€/l
</p></a></div><div class="mini_picto_bas"></div></div></div></td><td><!-- PL : ici --><div class="bloc-produit produit-auchan bientot-dispo"><div class="bloc-produit-content"><a title="Voir le produit" href="http://www.refonte.auchandirect.fr/boissons/jus,-softs/nectar-de-banane/id1/476/1541"><img src="http://www.refonte.auchandirect.fr/static/images/products/line/1541.jpg" alt="" class="produit "/></a><div class="picto"><span class="invisible"></span></div><div class="boutons-produit"><a class="bt-produit-ajout-panier disable" title="Bientôt disponible" href="javascript:void(0)">Bientôt disponible</a><a id="addProductToShoppingList_115" onclick="javascript:Tapestry.waitForPage(event);" title="Ajouter à ma liste" class="bt-produit-ajout-liste" href="http://www.refonte.auchandirect.fr/rayon.productgridorlist.productlist_1.thumbnailproduct_0.addproducttoshoppinglist/1541?t:ac=484">Ajouter à ma liste</a></div><div class="infos-produit-1"><div class="prix-actuel"><span>1.88€</span></div></div><div class="infos-produit-2"><a title="Voir le produit" href="http://www.refonte.auchandirect.fr/boissons/jus,-softs/nectar-de-banane/id1/476/1541"><h2>AUCHAN</h2><h4>Nectar de banane</h4><h4></h4><p>
1 l
<br/>
1.88€/l
</p></a></div><div class="mini_picto_bas"></div></div></div></td></tr><tr><td><!-- PL : ici --><div class="bloc-produit produit-auchan bientot-dispo"><div class="bloc-produit-content"><a title="Voir le produit" href="http://www.refonte.auchandirect.fr/boissons/jus,-softs/boisson-à-la-pomme-et-au-kiwi/id1/476/58079"><img src="http://www.refonte.auchandirect.fr/static/images/products/line/58079.jpg" alt="" class="produit "/></a><div class="picto"><span class="invisible"></span></div><div class="boutons-produit"><a class="bt-produit-ajout-panier disable" title="Bientôt disponible" href="javascript:void(0)">Bientôt disponible</a><a id="addProductToShoppingList_116" onclick="javascript:Tapestry.waitForPage(event);" title="Ajouter à ma liste" class="bt-produit-ajout-liste" href="http://www.refonte.auchandirect.fr/rayon.productgridorlist.productlist_1.thumbnailproduct_0.addproducttoshoppinglist/58079?t:ac=484">Ajouter à ma liste</a></div><div class="infos-produit-1"><div class="prix-actuel"><span>1.91€</span></div></div><div class="infos-produit-2"><a title="Voir le produit" href="http://www.refonte.auchandirect.fr/boissons/jus,-softs/boisson-à-la-pomme-et-au-kiwi/id1/476/58079"><h2>AUCHAN</h2><h4>Boisson à la pomme et au kiwi</h4><h4></h4><p>
1 l
<br/>
1.91€/l
</p></a></div><div class="mini_picto_bas"></div></div></div></td><td><!-- PL : ici --><div class="bloc-produit produit-auchan"><div class="bloc-produit-content"><a title="Voir le produit" href="http://www.refonte.auchandirect.fr/boissons/jus,-softs/nectar-d'abricot/id1/476/1221"><img src="http://www.refonte.auchandirect.fr/static/images/products/line/1221.jpg" alt="" class="produit "/></a><div class="picto"><span class="invisible"></span></div><div class="boutons-produit"><a id="addProductToBasket_80" onclick="javascript:Tapestry.waitForPage(event);" title="Ajouter au panier" class="bt-produit-ajout-panier" href="http://www.refonte.auchandirect.fr/rayon.productgridorlist.productlist_1.thumbnailproduct_0.addproducttobasket/1221?t:ac=484">Ajouter au panier</a><a id="addProductToShoppingList_117" onclick="javascript:Tapestry.waitForPage(event);" title="Ajouter à ma liste" class="bt-produit-ajout-liste" href="http://www.refonte.auchandirect.fr/rayon.productgridorlist.productlist_1.thumbnailproduct_0.addproducttoshoppinglist/1221?t:ac=484">Ajouter à ma liste</a></div><div class="infos-produit-1"><div class="prix-actuel"><span>1.99€</span></div></div><div class="infos-produit-2"><a title="Voir le produit" href="http://www.refonte.auchandirect.fr/boissons/jus,-softs/nectar-d'abricot/id1/476/1221"><h2>AUCHAN</h2><h4>Nectar d'abricot</h4><h4></h4><p>
1 l
<br/>
1.99€/l
</p></a></div><div class="mini_picto_bas"></div></div></div></td><td><!-- PL : ici --><div class="bloc-produit produit-auchan bientot-dispo"><div class="bloc-produit-content"><a title="Voir le produit" href="../../../boissons/jus,-softs/pur-jus-d'orange-sans-pulpe/id1/476/58941.html"><img src="http://www.refonte.auchandirect.fr/static/images/products/line/58941.jpg" alt="" class="produit "/></a><div class="picto"><span class="invisible"></span></div><div class="boutons-produit"><a class="bt-produit-ajout-panier disable" title="Bientôt disponible" href="javascript:void(0)">Bientôt disponible</a><a id="addProductToShoppingList_118" onclick="javascript:Tapestry.waitForPage(event);" title="Ajouter à ma liste" class="bt-produit-ajout-liste" href="http://www.refonte.auchandirect.fr/rayon.productgridorlist.productlist_1.thumbnailproduct_0.addproducttoshoppinglist/58941?t:ac=484">Ajouter à ma liste</a></div><div class="infos-produit-1"><div class="prix-actuel"><span>1.99€</span></div></div><div class="infos-produit-2"><a title="Voir le produit" href="../../../boissons/jus,-softs/pur-jus-d'orange-sans-pulpe/id1/476/58941.html"><h2>AUCHAN</h2><h4>Pur jus d'orange sans pulpe</h4><h4></h4><p>
1 l
<br/>
1.99€/l
</p></a></div><div class="mini_picto_bas"><img alt="frais" src="http://www.refonte.auchandirect.fr/static/images/frais_small.jpg"/><img src="http://www.refonte.auchandirect.fr/static/images/DLC-garantie-6j_small.jpg"/></div></div></div></td></tr><tr><td><!-- PL : ici --><div class="bloc-produit produit-auchan bientot-dispo"><div class="bloc-produit-content"><a title="Voir le produit" href="../../../boissons/jus,-softs/pur-jus-aux-9-fruits/id1/476/4140.html"><img src="http://www.refonte.auchandirect.fr/static/images/products/line/4140.jpg" alt="" class="produit "/></a><div class="picto"><span class="invisible"></span></div><div class="boutons-produit"><a class="bt-produit-ajout-panier disable" title="Bientôt disponible" href="javascript:void(0)">Bientôt disponible</a><a id="addProductToShoppingList_119" onclick="javascript:Tapestry.waitForPage(event);" title="Ajouter à ma liste" class="bt-produit-ajout-liste" href="http://www.refonte.auchandirect.fr/rayon.productgridorlist.productlist_1.thumbnailproduct_0.addproducttoshoppinglist/4140?t:ac=484">Ajouter à ma liste</a></div><div class="infos-produit-1"><div class="prix-actuel"><span>2.42€</span></div></div><div class="infos-produit-2"><a title="Voir le produit" href="../../../boissons/jus,-softs/pur-jus-aux-9-fruits/id1/476/4140.html"><h2>AUCHAN</h2><h4>Pur jus aux 9 fruits</h4><h4>Multivitaminé</h4><p>
1 l
<br/>
2.42€/l
</p></a></div><div class="mini_picto_bas"><img alt="frais" src="http://www.refonte.auchandirect.fr/static/images/frais_small.jpg"/><img src="http://www.refonte.auchandirect.fr/static/images/DLC-garantie-6j_small.jpg"/></div></div></div></td><td><!-- PL : ici --><div class="bloc-produit produit-auchan bientot-dispo"><div class="bloc-produit-content"><a title="Voir le produit" href="../../../boissons/jus,-softs/pur-jus-d'orange-avec-pulpe/id1/476/4130.html"><img src="http://www.refonte.auchandirect.fr/static/images/products/line/4130.jpg" alt="" class="produit "/></a><div class="picto"><span class="invisible"></span></div><div class="boutons-produit"><a class="bt-produit-ajout-panier disable" title="Bientôt disponible" href="javascript:void(0)">Bientôt disponible</a><a id="addProductToShoppingList_120" onclick="javascript:Tapestry.waitForPage(event);" title="Ajouter à ma liste" class="bt-produit-ajout-liste" href="http://www.refonte.auchandirect.fr/rayon.productgridorlist.productlist_1.thumbnailproduct_0.addproducttoshoppinglist/4130?t:ac=484">Ajouter à ma liste</a></div><div class="infos-produit-1"><div class="prix-actuel"><span>1.95€</span></div></div><div class="infos-produit-2"><a title="Voir le produit" href="../../../boissons/jus,-softs/pur-jus-d'orange-avec-pulpe/id1/476/4130.html"><h2>AUCHAN</h2><h4>Pur jus d'orange avec pulpe</h4><h4></h4><p>
1 l
<br/>
1.95€/l
</p></a></div><div class="mini_picto_bas"><img alt="frais" src="http://www.refonte.auchandirect.fr/static/images/frais_small.jpg"/><img src="http://www.refonte.auchandirect.fr/static/images/DLC-garantie-6j_small.jpg"/></div></div></div></td><td><!-- PL : ici --><div class="bloc-produit produit-auchan bientot-dispo"><div class="bloc-produit-content"><a title="Voir le produit" href="../../../boissons/jus,-softs/pur-jus-de-pomme/id1/476/6745.html"><img src="http://www.refonte.auchandirect.fr/static/images/products/line/6745.jpg" alt="" class="produit "/></a><div class="picto"><span class="invisible"></span></div><div class="boutons-produit"><a class="bt-produit-ajout-panier disable" title="Bientôt disponible" href="javascript:void(0)">Bientôt disponible</a><a id="addProductToShoppingList_121" onclick="javascript:Tapestry.waitForPage(event);" title="Ajouter à ma liste" class="bt-produit-ajout-liste" href="http://www.refonte.auchandirect.fr/rayon.productgridorlist.productlist_1.thumbnailproduct_0.addproducttoshoppinglist/6745?t:ac=484">Ajouter à ma liste</a></div><div class="infos-produit-1"><div class="prix-actuel"><span>1.95€</span></div></div><div class="infos-produit-2"><a title="Voir le produit" href="../../../boissons/jus,-softs/pur-jus-de-pomme/id1/476/6745.html"><h2>AUCHAN</h2><h4>Pur jus de pomme</h4><h4></h4><p>
1 l
<br/>
1.95€/l
</p></a></div><div class="mini_picto_bas"><img alt="frais" src="http://www.refonte.auchandirect.fr/static/images/frais_small.jpg"/><img src="http://www.refonte.auchandirect.fr/static/images/DLC-garantie-6j_small.jpg"/></div></div></div></td></tr><tr><td><!-- PL : ici --><div class="bloc-produit produit-auchan bientot-dispo"><div class="bloc-produit-content"><a title="Voir le produit" href="../../../boissons/jus,-softs/pur-jus-d'orange-avec-pulpe/id1/476/34421.html"><img src="http://www.refonte.auchandirect.fr/static/images/products/line/34421.jpg" alt="" class="produit "/></a><div class="picto"><span class="invisible"></span></div><div class="boutons-produit"><a class="bt-produit-ajout-panier disable" title="Bientôt disponible" href="javascript:void(0)">Bientôt disponible</a><a id="addProductToShoppingList_122" onclick="javascript:Tapestry.waitForPage(event);" title="Ajouter à ma liste" class="bt-produit-ajout-liste" href="http://www.refonte.auchandirect.fr/rayon.productgridorlist.productlist_1.thumbnailproduct_0.addproducttoshoppinglist/34421?t:ac=484">Ajouter à ma liste</a></div><div class="infos-produit-1"><div class="prix-actuel"><span>3.30€</span></div></div><div class="infos-produit-2"><a title="Voir le produit" href="../../../boissons/jus,-softs/pur-jus-d'orange-avec-pulpe/id1/476/34421.html"><h2>AUCHAN</h2><h4>Pur jus d'orange avec pulpe</h4><h4></h4><p>
1,75 l
<br/>
1.89€/l
</p></a></div><div class="mini_picto_bas"><img alt="frais" src="http://www.refonte.auchandirect.fr/static/images/frais_small.jpg"/><img src="http://www.refonte.auchandirect.fr/static/images/DLC-garantie-6j_small.jpg"/></div></div></div></td><td><!-- PL : ici --><div class="bloc-produit produit-auchan"><div class="bloc-produit-content"><a title="Voir le produit" href="http://www.refonte.auchandirect.fr/boissons/jus,-softs/jus-de-tomate/id1/476/1548"><img src="http://www.refonte.auchandirect.fr/static/images/products/line/1548.jpg" alt="" class="produit "/></a><div class="picto"><span class="invisible"></span></div><div class="boutons-produit"><a id="addProductToBasket_81" onclick="javascript:Tapestry.waitForPage(event);" title="Ajouter au panier" class="bt-produit-ajout-panier" href="http://www.refonte.auchandirect.fr/rayon.productgridorlist.productlist_1.thumbnailproduct_0.addproducttobasket/1548?t:ac=484">Ajouter au panier</a><a id="addProductToShoppingList_123" onclick="javascript:Tapestry.waitForPage(event);" title="Ajouter à ma liste" class="bt-produit-ajout-liste" href="http://www.refonte.auchandirect.fr/rayon.productgridorlist.productlist_1.thumbnailproduct_0.addproducttoshoppinglist/1548?t:ac=484">Ajouter à ma liste</a></div><div class="infos-produit-1"><div class="prix-actuel"><span>1.38€</span></div></div><div class="infos-produit-2"><a title="Voir le produit" href="http://www.refonte.auchandirect.fr/boissons/jus,-softs/jus-de-tomate/id1/476/1548"><h2>AUCHAN</h2><h4>Jus de tomate</h4><h4></h4><p>
1 l
<br/>
1.38€/l
</p></a></div><div class="mini_picto_bas"></div></div></div></td><td><!-- PL : ici --><div class="bloc-produit produit-auchan"><div class="bloc-produit-content"><a title="Voir le produit" href="http://www.refonte.auchandirect.fr/boissons/jus,-softs/nectar-multivitaminé/id1/476/1338"><img src="http://www.refonte.auchandirect.fr/static/images/products/line/1338.jpg" alt="" class="produit "/></a><div class="picto"><span class="invisible"></span></div><div class="boutons-produit"><a id="addProductToBasket_82" onclick="javascript:Tapestry.waitForPage(event);" title="Ajouter au panier" class="bt-produit-ajout-panier" href="http://www.refonte.auchandirect.fr/rayon.productgridorlist.productlist_1.thumbnailproduct_0.addproducttobasket/1338?t:ac=484">Ajouter au panier</a><a id="addProductToShoppingList_124" onclick="javascript:Tapestry.waitForPage(event);" title="Ajouter à ma liste" class="bt-produit-ajout-liste" href="http://www.refonte.auchandirect.fr/rayon.productgridorlist.productlist_1.thumbnailproduct_0.addproducttoshoppinglist/1338?t:ac=484">Ajouter à ma liste</a></div><div class="infos-produit-1"><div class="prix-actuel"><span>1.77€</span></div></div><div class="infos-produit-2"><a title="Voir le produit" href="http://www.refonte.auchandirect.fr/boissons/jus,-softs/nectar-multivitaminé/id1/476/1338"><h2>AUCHAN</h2><h4>Nectar multivitaminé</h4><h4></h4><p>
2 l
<br/>
0.89€/l
</p></a></div><div class="mini_picto_bas"></div></div></div></td></tr><tr><td><!-- PL : ici --><div class="bloc-produit produit-auchan"><div class="bloc-produit-content"><a title="Voir le produit" href="http://www.refonte.auchandirect.fr/boissons/jus,-softs/nectar-multivitaminé/id1/476/38162"><img src="http://www.refonte.auchandirect.fr/static/images/products/line/38162.jpg" alt="" class="produit "/></a><div class="picto"><span class="invisible"></span></div><div class="boutons-produit"><a id="addProductToBasket_83" onclick="javascript:Tapestry.waitForPage(event);" title="Ajouter au panier" class="bt-produit-ajout-panier" href="http://www.refonte.auchandirect.fr/rayon.productgridorlist.productlist_1.thumbnailproduct_0.addproducttobasket/38162?t:ac=484">Ajouter au panier</a><a id="addProductToShoppingList_125" onclick="javascript:Tapestry.waitForPage(event);" title="Ajouter à ma liste" class="bt-produit-ajout-liste" href="http://www.refonte.auchandirect.fr/rayon.productgridorlist.productlist_1.thumbnailproduct_0.addproducttoshoppinglist/38162?t:ac=484">Ajouter à ma liste</a></div><div class="infos-produit-1"><div class="prix-actuel"><span>1.45€</span></div></div><div class="infos-produit-2"><a title="Voir le produit" href="http://www.refonte.auchandirect.fr/boissons/jus,-softs/nectar-multivitaminé/id1/476/38162"><h2>AUCHAN</h2><h4>Nectar multivitaminé</h4><h4></h4><p>
1 l
<br/>
1.45€/l
</p></a></div><div class="mini_picto_bas"></div></div></div></td><td><!-- PL : ici --><div class="bloc-produit produit-auchan"><div class="bloc-produit-content"><a title="Voir le produit" href="http://www.refonte.auchandirect.fr/boissons/jus,-softs/jus-multifruits/id1/476/33720"><img src="http://www.refonte.auchandirect.fr/static/images/products/line/33720.jpg" alt="" class="produit "/></a><div class="picto"><span class="invisible"></span></div><div class="boutons-produit"><a id="addProductToBasket_84" onclick="javascript:Tapestry.waitForPage(event);" title="Ajouter au panier" class="bt-produit-ajout-panier" href="http://www.refonte.auchandirect.fr/rayon.productgridorlist.productlist_1.thumbnailproduct_0.addproducttobasket/33720?t:ac=484">Ajouter au panier</a><a id="addProductToShoppingList_126" onclick="javascript:Tapestry.waitForPage(event);" title="Ajouter à ma liste" class="bt-produit-ajout-liste" href="http://www.refonte.auchandirect.fr/rayon.productgridorlist.productlist_1.thumbnailproduct_0.addproducttoshoppinglist/33720?t:ac=484">Ajouter à ma liste</a></div><div class="infos-produit-1"><div class="prix-actuel"><span>1.98€</span></div></div><div class="infos-produit-2"><a title="Voir le produit" href="http://www.refonte.auchandirect.fr/boissons/jus,-softs/jus-multifruits/id1/476/33720"><h2>AUCHAN</h2><h4>Jus multifruits</h4><h4></h4><p>
4 x 20 cl
<br/>
2.48€/l
</p></a></div><div class="mini_picto_bas"></div></div></div></td><td><!-- PL : ici --><div class="bloc-produit produit-auchan"><div class="bloc-produit-content"><a title="Voir le produit" href="http://www.refonte.auchandirect.fr/boissons/jus,-softs/jus-multifruits/id1/476/31915"><img src="http://www.refonte.auchandirect.fr/static/images/products/line/31915.jpg" alt="" class="produit "/></a><div class="picto"><span class="invisible"></span></div><div class="boutons-produit"><a id="addProductToBasket_85" onclick="javascript:Tapestry.waitForPage(event);" title="Ajouter au panier" class="bt-produit-ajout-panier" href="http://www.refonte.auchandirect.fr/rayon.productgridorlist.productlist_1.thumbnailproduct_0.addproducttobasket/31915?t:ac=484">Ajouter au panier</a><a id="addProductToShoppingList_127" onclick="javascript:Tapestry.waitForPage(event);" title="Ajouter à ma liste" class="bt-produit-ajout-liste" href="http://www.refonte.auchandirect.fr/rayon.productgridorlist.productlist_1.thumbnailproduct_0.addproducttoshoppinglist/31915?t:ac=484">Ajouter à ma liste</a></div><div class="infos-produit-1"><div class="prix-actuel"><span>2.45€</span></div></div><div class="infos-produit-2"><a title="Voir le produit" href="http://www.refonte.auchandirect.fr/boissons/jus,-softs/jus-multifruits/id1/476/31915"><h2>AUCHAN</h2><h4>Jus multifruits</h4><h4></h4><p>
1,5 l
<br/>
1.63€/l
</p></a></div><div class="mini_picto_bas"></div></div></div></td></tr><tr><td><!-- PL : ici --><div class="bloc-produit produit-auchan"><div class="bloc-produit-content"><a title="Voir le produit" href="http://www.refonte.auchandirect.fr/boissons/jus,-softs/jus-d'orange-avec-pulpe/id1/476/2309"><img src="http://www.refonte.auchandirect.fr/static/images/products/line/2309.jpg" alt="" class="produit "/></a><div class="picto"><span class="invisible"></span></div><div class="boutons-produit"><a id="addProductToBasket_86" onclick="javascript:Tapestry.waitForPage(event);" title="Ajouter au panier" class="bt-produit-ajout-panier" href="http://www.refonte.auchandirect.fr/rayon.productgridorlist.productlist_1.thumbnailproduct_0.addproducttobasket/2309?t:ac=484">Ajouter au panier</a><a id="addProductToShoppingList_128" onclick="javascript:Tapestry.waitForPage(event);" title="Ajouter à ma liste" class="bt-produit-ajout-liste" href="http://www.refonte.auchandirect.fr/rayon.productgridorlist.productlist_1.thumbnailproduct_0.addproducttoshoppinglist/2309?t:ac=484">Ajouter à ma liste</a></div><div class="infos-produit-1"><div class="prix-actuel"><span>0.90€</span></div></div><div class="infos-produit-2"><a title="Voir le produit" href="http://www.refonte.auchandirect.fr/boissons/jus,-softs/jus-d'orange-avec-pulpe/id1/476/2309"><h2>AUCHAN</h2><h4>Jus d'orange avec pulpe</h4><h4></h4><p>
1 l
<br/>
0.90€/l
</p></a></div><div class="mini_picto_bas"></div></div></div></td><td><!-- PL : ici --><div class="bloc-produit produit-auchan bientot-dispo"><div class="bloc-produit-content"><a title="Voir le produit" href="http://www.refonte.auchandirect.fr/boissons/jus,-softs/pur-jus-d'orange-très-pulpé/id1/476/56736"><img src="http://www.refonte.auchandirect.fr/static/images/products/line/56736.jpg" alt="" class="produit "/></a><div class="picto"><span class="invisible"></span></div><div class="boutons-produit"><a class="bt-produit-ajout-panier disable" title="Bientôt disponible" href="javascript:void(0)">Bientôt disponible</a><a id="addProductToShoppingList_129" onclick="javascript:Tapestry.waitForPage(event);" title="Ajouter à ma liste" class="bt-produit-ajout-liste" href="http://www.refonte.auchandirect.fr/rayon.productgridorlist.productlist_1.thumbnailproduct_0.addproducttoshoppinglist/56736?t:ac=484">Ajouter à ma liste</a></div><div class="infos-produit-1"><div class="prix-actuel"><span>2.00€</span></div></div><div class="infos-produit-2"><a title="Voir le produit" href="http://www.refonte.auchandirect.fr/boissons/jus,-softs/pur-jus-d'orange-très-pulpé/id1/476/56736"><h2>AUCHAN</h2><h4>Pur jus d'orange très pulpé</h4><h4></h4><p>
1 l
<br/>
2.00€/l
</p></a></div><div class="mini_picto_bas"></div></div></div></td><td><!-- PL : ici --><div class="bloc-produit produit-auchan"><div class="bloc-produit-content"><a title="Voir le produit" href="http://www.refonte.auchandirect.fr/boissons/jus,-softs/pur-jus-d'orange/id1/476/31572"><img src="http://www.refonte.auchandirect.fr/static/images/products/line/31572.jpg" alt="" class="produit "/></a><div class="picto"><span class="invisible"></span></div><div class="boutons-produit"><a id="addProductToBasket_87" onclick="javascript:Tapestry.waitForPage(event);" title="Ajouter au panier" class="bt-produit-ajout-panier" href="http://www.refonte.auchandirect.fr/rayon.productgridorlist.productlist_1.thumbnailproduct_0.addproducttobasket/31572?t:ac=484">Ajouter au panier</a><a id="addProductToShoppingList_130" onclick="javascript:Tapestry.waitForPage(event);" title="Ajouter à ma liste" class="bt-produit-ajout-liste" href="http://www.refonte.auchandirect.fr/rayon.productgridorlist.productlist_1.thumbnailproduct_0.addproducttoshoppinglist/31572?t:ac=484">Ajouter à ma liste</a></div><div class="infos-produit-1"><div class="prix-actuel"><span>2.31€</span></div></div><div class="infos-produit-2"><a title="Voir le produit" href="http://www.refonte.auchandirect.fr/boissons/jus,-softs/pur-jus-d'orange/id1/476/31572"><h2>AUCHAN</h2><h4>Pur jus d'orange</h4><h4></h4><p>
1,5 l
<br/>
1.54€/l
</p></a></div><div class="mini_picto_bas"></div></div></div></td></tr><tr><td><!-- PL : ici --><div class="bloc-produit produit-auchan"><div class="bloc-produit-content"><a title="Voir le produit" href="http://www.refonte.auchandirect.fr/boissons/jus,-softs/nectar-d'orange/id1/476/40656"><img src="http://www.refonte.auchandirect.fr/static/images/products/line/40656.jpg" alt="" class="produit "/></a><div class="picto"><span class="invisible"></span></div><div class="boutons-produit"><a id="addProductToBasket_88" onclick="javascript:Tapestry.waitForPage(event);" title="Ajouter au panier" class="bt-produit-ajout-panier" href="http://www.refonte.auchandirect.fr/rayon.productgridorlist.productlist_1.thumbnailproduct_0.addproducttobasket/40656?t:ac=484">Ajouter au panier</a><a id="addProductToShoppingList_131" onclick="javascript:Tapestry.waitForPage(event);" title="Ajouter à ma liste" class="bt-produit-ajout-liste" href="http://www.refonte.auchandirect.fr/rayon.productgridorlist.productlist_1.thumbnailproduct_0.addproducttoshoppinglist/40656?t:ac=484">Ajouter à ma liste</a></div><div class="infos-produit-1"><div class="prix-actuel"><span>1.43€</span></div></div><div class="infos-produit-2"><a title="Voir le produit" href="http://www.refonte.auchandirect.fr/boissons/jus,-softs/nectar-d'orange/id1/476/40656"><h2>AUCHAN</h2><h4>Nectar d'orange</h4><h4></h4><p>
2 l
<br/>
0.72€/l
</p></a></div><div class="mini_picto_bas"></div></div></div></td><td><!-- PL : ici --><div class="bloc-produit produit-auchan"><div class="bloc-produit-content"><a title="Voir le produit" href="http://www.refonte.auchandirect.fr/boissons/jus,-softs/jus-d'orange/id1/476/42422"><img src="http://www.refonte.auchandirect.fr/static/images/products/line/42422.jpg" alt="" class="produit "/></a><div class="picto"><span class="invisible"></span></div><div class="boutons-produit"><a id="addProductToBasket_89" onclick="javascript:Tapestry.waitForPage(event);" title="Ajouter au panier" class="bt-produit-ajout-panier" href="http://www.refonte.auchandirect.fr/rayon.productgridorlist.productlist_1.thumbnailproduct_0.addproducttobasket/42422?t:ac=484">Ajouter au panier</a><a id="addProductToShoppingList_132" onclick="javascript:Tapestry.waitForPage(event);" title="Ajouter à ma liste" class="bt-produit-ajout-liste" href="http://www.refonte.auchandirect.fr/rayon.productgridorlist.productlist_1.thumbnailproduct_0.addproducttoshoppinglist/42422?t:ac=484">Ajouter à ma liste</a></div><div class="infos-produit-1"><div class="prix-actuel"><span>2.00€</span></div></div><div class="infos-produit-2"><a title="Voir le produit" href="http://www.refonte.auchandirect.fr/boissons/jus,-softs/jus-d'orange/id1/476/42422"><h2>AUCHAN</h2><h4>Jus d'orange</h4><h4></h4><p>
4 x 20 cl
<br/>
2.50€/l
</p></a></div><div class="mini_picto_bas"></div></div></div></td><td><!-- PL : ici --><div class="bloc-produit produit-auchan"><div class="bloc-produit-content"><a title="Voir le produit" href="http://www.refonte.auchandirect.fr/boissons/jus,-softs/pur-jus-d'orange-pressées-avec-pulpe/id1/476/27913"><img src="http://www.refonte.auchandirect.fr/static/images/products/line/27913.jpg" alt="" class="produit "/></a><div class="picto"><span class="invisible"></span></div><div class="boutons-produit"><a id="addProductToBasket_90" onclick="javascript:Tapestry.waitForPage(event);" title="Ajouter au panier" class="bt-produit-ajout-panier" href="http://www.refonte.auchandirect.fr/rayon.productgridorlist.productlist_1.thumbnailproduct_0.addproducttobasket/27913?t:ac=484">Ajouter au panier</a><a id="addProductToShoppingList_133" onclick="javascript:Tapestry.waitForPage(event);" title="Ajouter à ma liste" class="bt-produit-ajout-liste" href="http://www.refonte.auchandirect.fr/rayon.productgridorlist.productlist_1.thumbnailproduct_0.addproducttoshoppinglist/27913?t:ac=484">Ajouter à ma liste</a></div><div class="infos-produit-1"><div class="prix-actuel"><span>2.49€</span></div></div><div class="infos-produit-2"><a title="Voir le produit" href="http://www.refonte.auchandirect.fr/boissons/jus,-softs/pur-jus-d'orange-pressées-avec-pulpe/id1/476/27913"><h2>AUCHAN</h2><h4>Pur jus d'orange pressées avec pulpe</h4><h4></h4><p>
2 l
<br/>
1.25€/l
</p></a></div><div class="mini_picto_bas"></div></div></div></td></tr><tr><td><!-- PL : ici --><div class="bloc-produit produit-auchan"><div class="bloc-produit-content"><a title="Voir le produit" href="http://www.refonte.auchandirect.fr/boissons/jus,-softs/jus-de-pomme/id1/476/43895"><img src="http://www.refonte.auchandirect.fr/static/images/products/line/43895.jpg" alt="" class="produit "/></a><div class="picto"><span class="invisible"></span></div><div class="boutons-produit"><a id="addProductToBasket_91" onclick="javascript:Tapestry.waitForPage(event);" title="Ajouter au panier" class="bt-produit-ajout-panier" href="http://www.refonte.auchandirect.fr/rayon.productgridorlist.productlist_1.thumbnailproduct_0.addproducttobasket/43895?t:ac=484">Ajouter au panier</a><a id="addProductToShoppingList_134" onclick="javascript:Tapestry.waitForPage(event);" title="Ajouter à ma liste" class="bt-produit-ajout-liste" href="http://www.refonte.auchandirect.fr/rayon.productgridorlist.productlist_1.thumbnailproduct_0.addproducttoshoppinglist/43895?t:ac=484">Ajouter à ma liste</a></div><div class="infos-produit-1"><div class="prix-actuel"><span>1.46€</span></div></div><div class="infos-produit-2"><a title="Voir le produit" href="http://www.refonte.auchandirect.fr/boissons/jus,-softs/jus-de-pomme/id1/476/43895"><h2>AUCHAN</h2><h4>Jus de pomme</h4><h4></h4><p>
1 l
<br/>
1.46€/l
</p></a></div><div class="mini_picto_bas"></div></div></div></td><td><!-- PL : ici --><div class="bloc-produit produit-auchan bientot-dispo"><div class="bloc-produit-content"><a title="Voir le produit" href="http://www.refonte.auchandirect.fr/boissons/jus,-softs/jus-de-pomme/id1/476/1807"><img src="http://www.refonte.auchandirect.fr/static/images/products/line/1807.jpg" alt="" class="produit "/></a><div class="picto"><span class="invisible"></span></div><div class="boutons-produit"><a class="bt-produit-ajout-panier disable" title="Bientôt disponible" href="javascript:void(0)">Bientôt disponible</a><a id="addProductToShoppingList_135" onclick="javascript:Tapestry.waitForPage(event);" title="Ajouter à ma liste" class="bt-produit-ajout-liste" href="http://www.refonte.auchandirect.fr/rayon.productgridorlist.productlist_1.thumbnailproduct_0.addproducttoshoppinglist/1807?t:ac=484">Ajouter à ma liste</a></div><div class="infos-produit-1"><div class="prix-actuel"><span>1.17€</span></div></div><div class="infos-produit-2"><a title="Voir le produit" href="http://www.refonte.auchandirect.fr/boissons/jus,-softs/jus-de-pomme/id1/476/1807"><h2>AUCHAN</h2><h4>Jus de pomme</h4><h4></h4><p>
1 l
<br/>
1.17€/l
</p></a></div><div class="mini_picto_bas"></div></div></div></td><td><!-- PL : ici --><div class="bloc-produit produit-auchan"><div class="bloc-produit-content"><a title="Voir le produit" href="http://www.refonte.auchandirect.fr/boissons/jus,-softs/nectar-de-poire/id1/476/1223"><img src="http://www.refonte.auchandirect.fr/static/images/products/line/1223.jpg" alt="" class="produit "/></a><div class="picto"><span class="invisible"></span></div><div class="boutons-produit"><a id="addProductToBasket_92" onclick="javascript:Tapestry.waitForPage(event);" title="Ajouter au panier" class="bt-produit-ajout-panier" href="http://www.refonte.auchandirect.fr/rayon.productgridorlist.productlist_1.thumbnailproduct_0.addproducttobasket/1223?t:ac=484">Ajouter au panier</a><a id="addProductToShoppingList_136" onclick="javascript:Tapestry.waitForPage(event);" title="Ajouter à ma liste" class="bt-produit-ajout-liste" href="http://www.refonte.auchandirect.fr/rayon.productgridorlist.productlist_1.thumbnailproduct_0.addproducttoshoppinglist/1223?t:ac=484">Ajouter à ma liste</a></div><div class="infos-produit-1"><div class="prix-actuel"><span>2.02€</span></div></div><div class="infos-produit-2"><a title="Voir le produit" href="http://www.refonte.auchandirect.fr/boissons/jus,-softs/nectar-de-poire/id1/476/1223"><h2>AUCHAN</h2><h4>Nectar de poire</h4><h4></h4><p>
1 l
<br/>
2.02€/l
</p></a></div><div class="mini_picto_bas"></div></div></div></td></tr><tr><td><!-- PL : ici --><div class="bloc-produit produit-auchan"><div class="bloc-produit-content"><a title="Voir le produit" href="http://www.refonte.auchandirect.fr/petit-déjeuner-epicerie-sucrée/desserts,-ingrédients/lait-concentré-non-sucré/id1/486/37508"><img src="http://www.refonte.auchandirect.fr/static/images/products/line/37508.jpg" alt="" class="produit "/></a><div class="picto"><span class="invisible"></span></div><div class="boutons-produit"><a id="addProductToBasket_93" onclick="javascript:Tapestry.waitForPage(event);" title="Ajouter au panier" class="bt-produit-ajout-panier" href="http://www.refonte.auchandirect.fr/rayon.productgridorlist.productlist_1.thumbnailproduct_0.addproducttobasket/37508?t:ac=484">Ajouter au panier</a><a id="addProductToShoppingList_137" onclick="javascript:Tapestry.waitForPage(event);" title="Ajouter à ma liste" class="bt-produit-ajout-liste" href="http://www.refonte.auchandirect.fr/rayon.productgridorlist.productlist_1.thumbnailproduct_0.addproducttoshoppinglist/37508?t:ac=484">Ajouter à ma liste</a></div><div class="infos-produit-1"><div class="prix-actuel"><span>1.08€</span></div></div><div class="infos-produit-2"><a title="Voir le produit" href="http://www.refonte.auchandirect.fr/petit-déjeuner-epicerie-sucrée/desserts,-ingrédients/lait-concentré-non-sucré/id1/486/37508"><h2>AUCHAN</h2><h4>Lait concentré non sucré</h4><h4></h4><p>
410 g
<br/>
2.63€/kg
</p></a></div><div class="mini_picto_bas"><img src="http://www.refonte.auchandirect.fr/static/images/DLC-garantie-30j_small.jpg"/></div></div></div></td><td><!-- PL : ici --><div class="bloc-produit produit-auchan"><div class="bloc-produit-content"><a title="Voir le produit" href="http://www.refonte.auchandirect.fr/petit-déjeuner-epicerie-sucrée/petit-déjeuner/lait-entier/id1/484/6878"><img src="http://www.refonte.auchandirect.fr/static/images/products/line/6878.jpg" alt="" class="produit "/></a><div class="picto"><span class="invisible"></span></div><div class="boutons-produit"><a id="addProductToBasket_94" onclick="javascript:Tapestry.waitForPage(event);" title="Ajouter au panier" class="bt-produit-ajout-panier" href="http://www.refonte.auchandirect.fr/rayon.productgridorlist.productlist_1.thumbnailproduct_0.addproducttobasket/6878?t:ac=484">Ajouter au panier</a><a id="addProductToShoppingList_138" onclick="javascript:Tapestry.waitForPage(event);" title="Ajouter à ma liste" class="bt-produit-ajout-liste" href="http://www.refonte.auchandirect.fr/rayon.productgridorlist.productlist_1.thumbnailproduct_0.addproducttoshoppinglist/6878?t:ac=484">Ajouter à ma liste</a></div><div class="infos-produit-1"><div class="prix-actuel"><span>5.99€</span></div></div><div class="infos-produit-2"><a title="Voir le produit" href="http://www.refonte.auchandirect.fr/petit-déjeuner-epicerie-sucrée/petit-déjeuner/lait-entier/id1/484/6878"><h2>AUCHAN</h2><h4>Lait entier</h4><h4></h4><p>
6 x 1 l
<br/>
1.00€/l
</p></a></div><div class="mini_picto_bas"><img src="http://www.refonte.auchandirect.fr/static/images/DLC-garantie-30j_small.jpg"/></div></div></div></td><td><!-- PL : ici --><div class="bloc-produit produit-auchan bientot-dispo"><div class="bloc-produit-content"><a title="Voir le produit" href="http://www.refonte.auchandirect.fr/petit-déjeuner-epicerie-sucrée/petit-déjeuner/lait-écrémé/id1/484/52108"><img src="http://www.refonte.auchandirect.fr/static/images/products/line/52108.jpg" alt="" class="produit "/></a><div class="picto"><span class="invisible"></span></div><div class="boutons-produit"><a class="bt-produit-ajout-panier disable" title="Bientôt disponible" href="javascript:void(0)">Bientôt disponible</a><a id="addProductToShoppingList_139" onclick="javascript:Tapestry.waitForPage(event);" title="Ajouter à ma liste" class="bt-produit-ajout-liste" href="http://www.refonte.auchandirect.fr/rayon.productgridorlist.productlist_1.thumbnailproduct_0.addproducttoshoppinglist/52108?t:ac=484">Ajouter à ma liste</a></div><div class="infos-produit-1"><div class="prix-actuel"><span>4.62€</span></div></div><div class="infos-produit-2"><a title="Voir le produit" href="http://www.refonte.auchandirect.fr/petit-déjeuner-epicerie-sucrée/petit-déjeuner/lait-écrémé/id1/484/52108"><h2>AUCHAN</h2><h4>Lait écrémé</h4><h4></h4><p>
6 x 1 l
<br/>
0.77€/l
</p></a></div><div class="mini_picto_bas"><img src="http://www.refonte.auchandirect.fr/static/images/DLC-garantie-30j_small.jpg"/></div></div></div></td></tr><tr><td><!-- PL : ici --><div class="bloc-produit produit-auchan bientot-dispo"><div class="bloc-produit-content"><a title="Voir le produit" href="http://www.refonte.auchandirect.fr/petit-déjeuner-epicerie-sucrée/petit-déjeuner/lait-demi-écrémé/id1/484/52106"><img src="http://www.refonte.auchandirect.fr/static/images/products/line/52106.jpg" alt="" class="produit "/></a><div class="picto"><span class="invisible"></span></div><div class="boutons-produit"><a class="bt-produit-ajout-panier disable" title="Bientôt disponible" href="javascript:void(0)">Bientôt disponible</a><a id="addProductToShoppingList_140" onclick="javascript:Tapestry.waitForPage(event);" title="Ajouter à ma liste" class="bt-produit-ajout-liste" href="http://www.refonte.auchandirect.fr/rayon.productgridorlist.productlist_1.thumbnailproduct_0.addproducttoshoppinglist/52106?t:ac=484">Ajouter à ma liste</a></div><div class="infos-produit-1"><div class="prix-actuel"><span>4.20€</span></div></div><div class="infos-produit-2"><a title="Voir le produit" href="http://www.refonte.auchandirect.fr/petit-déjeuner-epicerie-sucrée/petit-déjeuner/lait-demi-écrémé/id1/484/52106"><h2>AUCHAN</h2><h4>Lait demi-écrémé</h4><h4></h4><p>
6 x 50 cl
<br/>
1.40€/l
</p></a></div><div class="mini_picto_bas"><img src="http://www.refonte.auchandirect.fr/static/images/DLC-garantie-30j_small.jpg"/></div></div></div></td><td><!-- PL : ici --><div class="bloc-produit promotion bientot-dispo"><div class="bloc-produit-content"><a title="Voir le produit" href="http://www.refonte.auchandirect.fr/petit-déjeuner-epicerie-sucrée/petit-déjeuner/lait-demi-écrémé/id1/484/4723"><img src="http://www.refonte.auchandirect.fr/static/images/products/line/4723.jpg" alt="" class="produit "/></a><div class="picto"><span class="invisible"></span></div><img src="http://www.refonte.auchandirect.fr/static/images/moins-10pourcent_small.png" class="ruban"/><div class="boutons-produit"><a class="bt-produit-ajout-panier disable" title="Bientôt disponible" href="javascript:void(0)">Bientôt disponible</a><a id="addProductToShoppingList_141" onclick="javascript:Tapestry.waitForPage(event);" title="Ajouter à ma liste" class="bt-produit-ajout-liste" href="http://www.refonte.auchandirect.fr/rayon.productgridorlist.productlist_1.thumbnailproduct_0.addproducttoshoppinglist/4723?t:ac=484">Ajouter à ma liste</a></div><div class="infos-produit-1"><div class="prix-old">4.86€</div><div class="prix-promo">4.37€</div></div><div class="infos-produit-2"><a title="Voir le produit" href="http://www.refonte.auchandirect.fr/petit-déjeuner-epicerie-sucrée/petit-déjeuner/lait-demi-écrémé/id1/484/4723"><h2>AUCHAN</h2><h4>Lait demi-écrémé</h4><h4></h4><p>
6 x 1 l
<br/>
0.73€/l
</p></a></div><div class="mini_picto_bas"><img src="http://www.refonte.auchandirect.fr/static/images/DLC-garantie-30j_small.jpg"/></div></div></div></td><td><!-- PL : ici --><div class="bloc-produit produit-auchan"><div class="bloc-produit-content"><a title="Voir le produit" href="http://www.refonte.auchandirect.fr/bio-ecolo/epicerie-bio/poudre-cacao/id1/458/31448"><img src="http://www.refonte.auchandirect.fr/static/images/products/line/31448.jpg" alt="" class="produit "/></a><div class="picto"><span class="invisible"></span></div><div class="boutons-produit"><a id="addProductToBasket_95" onclick="javascript:Tapestry.waitForPage(event);" title="Ajouter au panier" class="bt-produit-ajout-panier" href="http://www.refonte.auchandirect.fr/rayon.productgridorlist.productlist_1.thumbnailproduct_0.addproducttobasket/31448?t:ac=484">Ajouter au panier</a><a id="addProductToShoppingList_142" onclick="javascript:Tapestry.waitForPage(event);" title="Ajouter à ma liste" class="bt-produit-ajout-liste" href="http://www.refonte.auchandirect.fr/rayon.productgridorlist.productlist_1.thumbnailproduct_0.addproducttoshoppinglist/31448?t:ac=484">Ajouter à ma liste</a></div><div class="infos-produit-1"><div class="prix-actuel"><span>2.90€</span></div></div><div class="infos-produit-2"><a title="Voir le produit" href="http://www.refonte.auchandirect.fr/bio-ecolo/epicerie-bio/poudre-cacao/id1/458/31448"><h2>AUCHAN BIO</h2><h4>Poudre cacao</h4><h4></h4><p>
500 g
<br/>
5.80€/kg
</p></a></div><div class="mini_picto_bas"><img src="http://www.refonte.auchandirect.fr/static/images/DLC-garantie-30j_small.jpg"/><img src="http://www.refonte.auchandirect.fr/static/images/AB_small.jpg"/></div></div></div></td></tr><tr><td><!-- PL : ici --><div class="bloc-produit produit-auchan bientot-dispo"><div class="bloc-produit-content"><a title="Voir le produit" href="http://www.refonte.auchandirect.fr/bio-ecolo/epicerie-bio/infusion-bien-être/id1/458/36338"><img src="http://www.refonte.auchandirect.fr/static/images/products/line/36338.jpg" alt="" class="produit "/></a><div class="picto"><span class="invisible"></span></div><div class="boutons-produit"><a class="bt-produit-ajout-panier disable" title="Bientôt disponible" href="javascript:void(0)">Bientôt disponible</a><a id="addProductToShoppingList_143" onclick="javascript:Tapestry.waitForPage(event);" title="Ajouter à ma liste" class="bt-produit-ajout-liste" href="http://www.refonte.auchandirect.fr/rayon.productgridorlist.productlist_1.thumbnailproduct_0.addproducttoshoppinglist/36338?t:ac=484">Ajouter à ma liste</a></div><div class="infos-produit-1"><div class="prix-actuel"><span>0.99€</span></div></div><div class="infos-produit-2"><a title="Voir le produit" href="http://www.refonte.auchandirect.fr/bio-ecolo/epicerie-bio/infusion-bien-être/id1/458/36338"><h2>AUCHAN BIO</h2><h4>Infusion bien-être</h4><h4>Verveine menthe poivrée</h4><p>
20 g
<br/>
49.50€/kg
</p></a></div><div class="mini_picto_bas"><img src="http://www.refonte.auchandirect.fr/static/images/DLC-garantie-30j_small.jpg"/><img src="http://www.refonte.auchandirect.fr/static/images/AB_small.jpg"/></div></div></div></td><td><!-- PL : ici --><div class="bloc-produit produit-auchan"><div class="bloc-produit-content"><a title="Voir le produit" href="http://www.refonte.auchandirect.fr/bio-ecolo/epicerie-bio/thé-noir-darjeeling/id1/458/57990"><img src="http://www.refonte.auchandirect.fr/static/images/products/line/57990.jpg" alt="" class="produit "/></a><div class="picto"><span class="invisible"></span></div><div class="boutons-produit"><a id="addProductToBasket_96" onclick="javascript:Tapestry.waitForPage(event);" title="Ajouter au panier" class="bt-produit-ajout-panier" href="http://www.refonte.auchandirect.fr/rayon.productgridorlist.productlist_1.thumbnailproduct_0.addproducttobasket/57990?t:ac=484">Ajouter au panier</a><a id="addProductToShoppingList_144" onclick="javascript:Tapestry.waitForPage(event);" title="Ajouter à ma liste" class="bt-produit-ajout-liste" href="http://www.refonte.auchandirect.fr/rayon.productgridorlist.productlist_1.thumbnailproduct_0.addproducttoshoppinglist/57990?t:ac=484">Ajouter à ma liste</a></div><div class="infos-produit-1"><div class="prix-actuel"><span>0.99€</span></div></div><div class="infos-produit-2"><a title="Voir le produit" href="http://www.refonte.auchandirect.fr/bio-ecolo/epicerie-bio/thé-noir-darjeeling/id1/458/57990"><h2>AUCHAN BIO</h2><h4>Thé noir darjeeling</h4><h4></h4><p>
30 g
<br/>
33.00€/kg
</p></a></div><div class="mini_picto_bas"><img src="http://www.refonte.auchandirect.fr/static/images/DLC-garantie-30j_small.jpg"/><img src="http://www.refonte.auchandirect.fr/static/images/AB_small.jpg"/></div></div></div></td><td><!-- PL : ici --><div class="bloc-produit produit-auchan"><div class="bloc-produit-content"><a title="Voir le produit" href="http://www.refonte.auchandirect.fr/bio-ecolo/epicerie-bio/muesli-croustillant/id1/458/35671"><img src="http://www.refonte.auchandirect.fr/static/images/products/line/35671.jpg" alt="" class="produit "/></a><div class="picto"><span class="invisible"></span></div><div class="boutons-produit"><a id="addProductToBasket_97" onclick="javascript:Tapestry.waitForPage(event);" title="Ajouter au panier" class="bt-produit-ajout-panier" href="http://www.refonte.auchandirect.fr/rayon.productgridorlist.productlist_1.thumbnailproduct_0.addproducttobasket/35671?t:ac=484">Ajouter au panier</a><a id="addProductToShoppingList_145" onclick="javascript:Tapestry.waitForPage(event);" title="Ajouter à ma liste" class="bt-produit-ajout-liste" href="http://www.refonte.auchandirect.fr/rayon.productgridorlist.productlist_1.thumbnailproduct_0.addproducttoshoppinglist/35671?t:ac=484">Ajouter à ma liste</a></div><div class="infos-produit-1"><div class="prix-actuel"><span>3.35€</span></div></div><div class="infos-produit-2"><a title="Voir le produit" href="http://www.refonte.auchandirect.fr/bio-ecolo/epicerie-bio/muesli-croustillant/id1/458/35671"><h2>AUCHAN BIO</h2><h4>Muesli croustillant</h4><h4>Lin et graines de courges</h4><p>
500 g
<br/>
6.70€/kg
</p></a></div><div class="mini_picto_bas"><img src="http://www.refonte.auchandirect.fr/static/images/DLC-garantie-30j_small.jpg"/><img src="http://www.refonte.auchandirect.fr/static/images/AB_small.jpg"/></div></div></div></td></tr><tr><td><!-- PL : ici --><div class="bloc-produit produit-auchan"><div class="bloc-produit-content"><a title="Voir le produit" href="http://www.refonte.auchandirect.fr/bio-ecolo/epicerie-bio/muesli-croustillant/id1/458/35674"><img src="http://www.refonte.auchandirect.fr/static/images/products/line/35674.jpg" alt="" class="produit "/></a><div class="picto"><span class="invisible"></span></div><div class="boutons-produit"><a id="addProductToBasket_98" onclick="javascript:Tapestry.waitForPage(event);" title="Ajouter au panier" class="bt-produit-ajout-panier" href="http://www.refonte.auchandirect.fr/rayon.productgridorlist.productlist_1.thumbnailproduct_0.addproducttobasket/35674?t:ac=484">Ajouter au panier</a><a id="addProductToShoppingList_146" onclick="javascript:Tapestry.waitForPage(event);" title="Ajouter à ma liste" class="bt-produit-ajout-liste" href="http://www.refonte.auchandirect.fr/rayon.productgridorlist.productlist_1.thumbnailproduct_0.addproducttoshoppinglist/35674?t:ac=484">Ajouter à ma liste</a></div><div class="infos-produit-1"><div class="prix-actuel"><span>3.33€</span></div></div><div class="infos-produit-2"><a title="Voir le produit" href="http://www.refonte.auchandirect.fr/bio-ecolo/epicerie-bio/muesli-croustillant/id1/458/35674"><h2>AUCHAN BIO</h2><h4>Muesli croustillant</h4><h4>Quinoa chocolat</h4><p>
500 g
<br/>
6.66€/kg
</p></a></div><div class="mini_picto_bas"><img src="http://www.refonte.auchandirect.fr/static/images/DLC-garantie-30j_small.jpg"/><img src="http://www.refonte.auchandirect.fr/static/images/AB_small.jpg"/></div></div></div></td><td><!-- PL : ici --><div class="bloc-produit produit-auchan"><div class="bloc-produit-content"><a title="Voir le produit" href="http://www.refonte.auchandirect.fr/bio-ecolo/epicerie-bio/céréales-muesli-7-fruits-croquants/id1/458/77988"><img src="http://www.refonte.auchandirect.fr/static/images/products/line/77988.jpg" alt="" class="produit "/></a><div class="picto"><span class="invisible"></span></div><div class="boutons-produit"><a id="addProductToBasket_99" onclick="javascript:Tapestry.waitForPage(event);" title="Ajouter au panier" class="bt-produit-ajout-panier" href="http://www.refonte.auchandirect.fr/rayon.productgridorlist.productlist_1.thumbnailproduct_0.addproducttobasket/77988?t:ac=484">Ajouter au panier</a><a id="addProductToShoppingList_147" onclick="javascript:Tapestry.waitForPage(event);" title="Ajouter à ma liste" class="bt-produit-ajout-liste" href="http://www.refonte.auchandirect.fr/rayon.productgridorlist.productlist_1.thumbnailproduct_0.addproducttoshoppinglist/77988?t:ac=484">Ajouter à ma liste</a></div><div class="infos-produit-1"><div class="prix-actuel"><span>3.52€</span></div></div><div class="infos-produit-2"><a title="Voir le produit" href="http://www.refonte.auchandirect.fr/bio-ecolo/epicerie-bio/céréales-muesli-7-fruits-croquants/id1/458/77988"><h2>AUCHAN BIO</h2><h4>Céréales muesli 7 fruits croquants</h4><h4></h4><p>
500 g
<br/>
7.04€/kg
</p></a></div><div class="mini_picto_bas"><img src="http://www.refonte.auchandirect.fr/static/images/AB_small.jpg"/></div></div></div></td><td><!-- PL : ici --><div class="bloc-produit produit-auchan bientot-dispo"><div class="bloc-produit-content"><a title="Voir le produit" href="http://www.refonte.auchandirect.fr/bio-ecolo/epicerie-bio/graines-de-lin/id1/458/72642"><img src="http://www.refonte.auchandirect.fr/static/images/products/line/72642.jpg" alt="" class="produit "/></a><div class="picto"><span class="invisible"></span></div><div class="boutons-produit"><a class="bt-produit-ajout-panier disable" title="Bientôt disponible" href="javascript:void(0)">Bientôt disponible</a><a id="addProductToShoppingList_148" onclick="javascript:Tapestry.waitForPage(event);" title="Ajouter à ma liste" class="bt-produit-ajout-liste" href="http://www.refonte.auchandirect.fr/rayon.productgridorlist.productlist_1.thumbnailproduct_0.addproducttoshoppinglist/72642?t:ac=484">Ajouter à ma liste</a></div><div class="infos-produit-1"><div class="prix-actuel"><span>2.90€</span></div></div><div class="infos-produit-2"><a title="Voir le produit" href="http://www.refonte.auchandirect.fr/bio-ecolo/epicerie-bio/graines-de-lin/id1/458/72642"><h2>AUCHAN BIO</h2><h4>Graines de lin</h4><h4></h4><p>
250 g
<br/>
11.60€/kg
</p></a></div><div class="mini_picto_bas"><img src="http://www.refonte.auchandirect.fr/static/images/AB_small.jpg"/></div></div></div></td></tr><tr><td><!-- PL : ici --><div class="bloc-produit produit-auchan"><div class="bloc-produit-content"><a title="Voir le produit" href="http://www.refonte.auchandirect.fr/bio-ecolo/epicerie-bio/galettes-de-riz-complet/id1/458/35047"><img src="http://www.refonte.auchandirect.fr/static/images/products/line/35047.jpg" alt="" class="produit "/></a><div class="picto"><span class="invisible"></span></div><div class="boutons-produit"><a id="addProductToBasket_100" onclick="javascript:Tapestry.waitForPage(event);" title="Ajouter au panier" class="bt-produit-ajout-panier" href="http://www.refonte.auchandirect.fr/rayon.productgridorlist.productlist_1.thumbnailproduct_0.addproducttobasket/35047?t:ac=484">Ajouter au panier</a><a id="addProductToShoppingList_149" onclick="javascript:Tapestry.waitForPage(event);" title="Ajouter à ma liste" class="bt-produit-ajout-liste" href="http://www.refonte.auchandirect.fr/rayon.productgridorlist.productlist_1.thumbnailproduct_0.addproducttoshoppinglist/35047?t:ac=484">Ajouter à ma liste</a></div><div class="infos-produit-1"><div class="prix-actuel"><span>0.99€</span></div></div><div class="infos-produit-2"><a title="Voir le produit" href="http://www.refonte.auchandirect.fr/bio-ecolo/epicerie-bio/galettes-de-riz-complet/id1/458/35047"><h2>AUCHAN BIO</h2><h4>Galettes de riz complet</h4><h4>Chocolat noir</h4><p>
90 g
<br/>
11.00€/kg
</p></a></div><div class="mini_picto_bas"><img src="http://www.refonte.auchandirect.fr/static/images/DLC-garantie-30j_small.jpg"/><img src="http://www.refonte.auchandirect.fr/static/images/AB_small.jpg"/></div></div></div></td><td><!-- PL : ici --><div class="bloc-produit produit-auchan bientot-dispo"><div class="bloc-produit-content"><a title="Voir le produit" href="http://www.refonte.auchandirect.fr/bio-ecolo/epicerie-bio/galettes-de-riz-complet/id1/458/35046"><img src="http://www.refonte.auchandirect.fr/static/images/products/line/35046.jpg" alt="" class="produit "/></a><div class="picto"><span class="invisible"></span></div><div class="boutons-produit"><a class="bt-produit-ajout-panier disable" title="Bientôt disponible" href="javascript:void(0)">Bientôt disponible</a><a id="addProductToShoppingList_150" onclick="javascript:Tapestry.waitForPage(event);" title="Ajouter à ma liste" class="bt-produit-ajout-liste" href="http://www.refonte.auchandirect.fr/rayon.productgridorlist.productlist_1.thumbnailproduct_0.addproducttoshoppinglist/35046?t:ac=484">Ajouter à ma liste</a></div><div class="infos-produit-1"><div class="prix-actuel"><span>0.92€</span></div></div><div class="infos-produit-2"><a title="Voir le produit" href="http://www.refonte.auchandirect.fr/bio-ecolo/epicerie-bio/galettes-de-riz-complet/id1/458/35046"><h2>AUCHAN BIO</h2><h4>Galettes de riz complet</h4><h4>Sésame</h4><p>
100 g
<br/>
9.20€/kg
</p></a></div><div class="mini_picto_bas"><img src="http://www.refonte.auchandirect.fr/static/images/DLC-garantie-30j_small.jpg"/><img src="http://www.refonte.auchandirect.fr/static/images/AB_small.jpg"/></div></div></div></td><td><!-- PL : ici --><div class="bloc-produit produit-auchan"><div class="bloc-produit-content"><a title="Voir le produit" href="http://www.refonte.auchandirect.fr/bio-ecolo/epicerie-bio/pain-grillé-multi---céréales-x-12/id1/458/37432"><img src="http://www.refonte.auchandirect.fr/static/images/products/line/37432.jpg" alt="" class="produit "/></a><div class="picto"><span class="invisible"></span></div><div class="boutons-produit"><a id="addProductToBasket_101" onclick="javascript:Tapestry.waitForPage(event);" title="Ajouter au panier" class="bt-produit-ajout-panier" href="http://www.refonte.auchandirect.fr/rayon.productgridorlist.productlist_1.thumbnailproduct_0.addproducttobasket/37432?t:ac=484">Ajouter au panier</a><a id="addProductToShoppingList_151" onclick="javascript:Tapestry.waitForPage(event);" title="Ajouter à ma liste" class="bt-produit-ajout-liste" href="http://www.refonte.auchandirect.fr/rayon.productgridorlist.productlist_1.thumbnailproduct_0.addproducttoshoppinglist/37432?t:ac=484">Ajouter à ma liste</a></div><div class="infos-produit-1"><div class="prix-actuel"><span>0.99€</span></div></div><div class="infos-produit-2"><a title="Voir le produit" href="http://www.refonte.auchandirect.fr/bio-ecolo/epicerie-bio/pain-grillé-multi---céréales-x-12/id1/458/37432"><h2>AUCHAN BIO</h2><h4>Pain grillé multi - céréales x 12</h4><h4></h4><p>
250 g
<br/>
3.96€/kg
</p></a></div><div class="mini_picto_bas"><img src="http://www.refonte.auchandirect.fr/static/images/DLC-garantie-30j_small.jpg"/><img src="http://www.refonte.auchandirect.fr/static/images/AB_small.jpg"/></div></div></div></td></tr><tr><td><!-- PL : ici --><div class="bloc-produit produit-auchan bientot-dispo"><div class="bloc-produit-content"><a title="Voir le produit" href="http://www.refonte.auchandirect.fr/bio-ecolo/epicerie-bio/biscottes-complètes-x-34/id1/458/37431"><img src="http://www.refonte.auchandirect.fr/static/images/products/line/37431.jpg" alt="" class="produit "/></a><div class="picto"><span class="invisible"></span></div><div class="boutons-produit"><a class="bt-produit-ajout-panier disable" title="Bientôt disponible" href="javascript:void(0)">Bientôt disponible</a><a id="addProductToShoppingList_152" onclick="javascript:Tapestry.waitForPage(event);" title="Ajouter à ma liste" class="bt-produit-ajout-liste" href="http://www.refonte.auchandirect.fr/rayon.productgridorlist.productlist_1.thumbnailproduct_0.addproducttoshoppinglist/37431?t:ac=484">Ajouter à ma liste</a></div><div class="infos-produit-1"><div class="prix-actuel"><span>1.74€</span></div></div><div class="infos-produit-2"><a title="Voir le produit" href="http://www.refonte.auchandirect.fr/bio-ecolo/epicerie-bio/biscottes-complètes-x-34/id1/458/37431"><h2>AUCHAN BIO</h2><h4>Biscottes complètes x 34</h4><h4></h4><p>
300 g
<br/>
5.80€/kg
</p></a></div><div class="mini_picto_bas"><img src="http://www.refonte.auchandirect.fr/static/images/DLC-garantie-30j_small.jpg"/><img src="http://www.refonte.auchandirect.fr/static/images/AB_small.jpg"/></div></div></div></td><td><!-- PL : ici --><div class="bloc-produit produit-auchan bientot-dispo"><div class="bloc-produit-content"><a title="Voir le produit" href="http://www.refonte.auchandirect.fr/bio-ecolo/epicerie-bio/petits-pains-grillés-7-céréales/id1/458/45484"><img src="http://www.refonte.auchandirect.fr/static/images/products/line/45484.jpg" alt="" class="produit "/></a><div class="picto"><span class="invisible"></span></div><div class="boutons-produit"><a class="bt-produit-ajout-panier disable" title="Bientôt disponible" href="javascript:void(0)">Bientôt disponible</a><a id="addProductToShoppingList_153" onclick="javascript:Tapestry.waitForPage(event);" title="Ajouter à ma liste" class="bt-produit-ajout-liste" href="http://www.refonte.auchandirect.fr/rayon.productgridorlist.productlist_1.thumbnailproduct_0.addproducttoshoppinglist/45484?t:ac=484">Ajouter à ma liste</a></div><div class="infos-produit-1"><div class="prix-actuel"><span>0.99€</span></div></div><div class="infos-produit-2"><a title="Voir le produit" href="http://www.refonte.auchandirect.fr/bio-ecolo/epicerie-bio/petits-pains-grillés-7-céréales/id1/458/45484"><h2>AUCHAN BIO</h2><h4>Petits pains grillés 7 céréales</h4><h4></h4><p>
225 g
<br/>
4.40€/kg
</p></a></div><div class="mini_picto_bas"><img src="http://www.refonte.auchandirect.fr/static/images/DLC-garantie-30j_small.jpg"/><img src="http://www.refonte.auchandirect.fr/static/images/AB_small.jpg"/></div></div></div></td><td><!-- PL : ici --><div class="bloc-produit produit-auchan"><div class="bloc-produit-content"><a title="Voir le produit" href="http://www.refonte.auchandirect.fr/bio-ecolo/epicerie-bio/biscuit-petit-déjeuner/id1/458/53842"><img src="http://www.refonte.auchandirect.fr/static/images/products/line/53842.jpg" alt="" class="produit "/></a><div class="picto"><span class="invisible"></span></div><div class="boutons-produit"><a id="addProductToBasket_102" onclick="javascript:Tapestry.waitForPage(event);" title="Ajouter au panier" class="bt-produit-ajout-panier" href="http://www.refonte.auchandirect.fr/rayon.productgridorlist.productlist_1.thumbnailproduct_0.addproducttobasket/53842?t:ac=484">Ajouter au panier</a><a id="addProductToShoppingList_154" onclick="javascript:Tapestry.waitForPage(event);" title="Ajouter à ma liste" class="bt-produit-ajout-liste" href="http://www.refonte.auchandirect.fr/rayon.productgridorlist.productlist_1.thumbnailproduct_0.addproducttoshoppinglist/53842?t:ac=484">Ajouter à ma liste</a></div><div class="infos-produit-1"><div class="prix-actuel"><span>1.14€</span></div></div><div class="infos-produit-2"><a title="Voir le produit" href="http://www.refonte.auchandirect.fr/bio-ecolo/epicerie-bio/biscuit-petit-déjeuner/id1/458/53842"><h2>AUCHAN BIO</h2><h4>Biscuit petit déjeuner</h4><h4>Chocolat quinoa</h4><p>
210 g
<br/>
5.43€/kg
</p></a></div><div class="mini_picto_bas"><img src="http://www.refonte.auchandirect.fr/static/images/AB_small.jpg"/></div></div></div></td></tr><tr><td><!-- PL : ici --><div class="bloc-produit produit-auchan bientot-dispo"><div class="bloc-produit-content"><a title="Voir le produit" href="http://www.refonte.auchandirect.fr/petit-déjeuner-epicerie-sucrée/petit-déjeuner/pain-de-mie/id1/484/47740"><img src="http://www.refonte.auchandirect.fr/static/images/products/line/47740.jpg" alt="" class="produit "/></a><div class="picto"><span class="invisible"></span></div><div class="boutons-produit"><a class="bt-produit-ajout-panier disable" title="Bientôt disponible" href="javascript:void(0)">Bientôt disponible</a><a id="addProductToShoppingList_155" onclick="javascript:Tapestry.waitForPage(event);" title="Ajouter à ma liste" class="bt-produit-ajout-liste" href="http://www.refonte.auchandirect.fr/rayon.productgridorlist.productlist_1.thumbnailproduct_0.addproducttoshoppinglist/47740?t:ac=484">Ajouter à ma liste</a></div><div class="infos-produit-1"><div class="prix-actuel"><span>2.09€</span></div></div><div class="infos-produit-2"><a title="Voir le produit" href="http://www.refonte.auchandirect.fr/petit-déjeuner-epicerie-sucrée/petit-déjeuner/pain-de-mie/id1/484/47740"><h2>AUCHAN BIO</h2><h4>Pain de mie</h4><h4></h4><p>
500 g
<br/>
4.18€/kg
</p></a></div><div class="mini_picto_bas"><img src="http://www.refonte.auchandirect.fr/static/images/DLC-garantie-6j_small.jpg"/><img src="http://www.refonte.auchandirect.fr/static/images/AB_small.jpg"/></div></div></div></td><td><!-- PL : ici --><div class="bloc-produit produit-auchan"><div class="bloc-produit-content"><a title="Voir le produit" href="http://www.refonte.auchandirect.fr/bio-ecolo/epicerie-bio/pâte-à-tartiner/id1/458/53840"><img src="http://www.refonte.auchandirect.fr/static/images/products/line/53840.jpg" alt="" class="produit "/></a><div class="picto"><span class="invisible"></span></div><div class="boutons-produit"><a id="addProductToBasket_103" onclick="javascript:Tapestry.waitForPage(event);" title="Ajouter au panier" class="bt-produit-ajout-panier" href="http://www.refonte.auchandirect.fr/rayon.productgridorlist.productlist_1.thumbnailproduct_0.addproducttobasket/53840?t:ac=484">Ajouter au panier</a><a id="addProductToShoppingList_156" onclick="javascript:Tapestry.waitForPage(event);" title="Ajouter à ma liste" class="bt-produit-ajout-liste" href="http://www.refonte.auchandirect.fr/rayon.productgridorlist.productlist_1.thumbnailproduct_0.addproducttoshoppinglist/53840?t:ac=484">Ajouter à ma liste</a></div><div class="infos-produit-1"><div class="prix-actuel"><span>3.08€</span></div></div><div class="infos-produit-2"><a title="Voir le produit" href="http://www.refonte.auchandirect.fr/bio-ecolo/epicerie-bio/pâte-à-tartiner/id1/458/53840"><h2>AUCHAN BIO</h2><h4>Pâte à tartiner</h4><h4></h4><p>
400 g
<br/>
7.70€/kg
</p></a></div><div class="mini_picto_bas"><img src="http://www.refonte.auchandirect.fr/static/images/DLC-garantie-30j_small.jpg"/><img src="http://www.refonte.auchandirect.fr/static/images/AB_small.jpg"/></div></div></div></td><td><!-- PL : ici --><div class="bloc-produit produit-auchan bientot-dispo"><div class="bloc-produit-content"><a title="Voir le produit" href="http://www.refonte.auchandirect.fr/bio-ecolo/epicerie-bio/confiture-extra/id1/458/60476"><img src="http://www.refonte.auchandirect.fr/static/images/products/line/60476.jpg" alt="" class="produit "/></a><div class="picto"><span class="invisible"></span></div><div class="boutons-produit"><a class="bt-produit-ajout-panier disable" title="Bientôt disponible" href="javascript:void(0)">Bientôt disponible</a><a id="addProductToShoppingList_157" onclick="javascript:Tapestry.waitForPage(event);" title="Ajouter à ma liste" class="bt-produit-ajout-liste" href="http://www.refonte.auchandirect.fr/rayon.productgridorlist.productlist_1.thumbnailproduct_0.addproducttoshoppinglist/60476?t:ac=484">Ajouter à ma liste</a></div><div class="infos-produit-1"><div class="prix-actuel"><span>2.82€</span></div></div><div class="infos-produit-2"><a title="Voir le produit" href="http://www.refonte.auchandirect.fr/bio-ecolo/epicerie-bio/confiture-extra/id1/458/60476"><h2>AUCHAN BIO</h2><h4>Confiture extra</h4><h4>Myrtilles</h4><p>
350 g
<br/>
8.06€/kg
</p></a></div><div class="mini_picto_bas"><img src="http://www.refonte.auchandirect.fr/static/images/AB_small.jpg"/></div></div></div></td></tr><tr><td><!-- PL : ici --><div class="bloc-produit produit-auchan"><div class="bloc-produit-content"><a title="Voir le produit" href="http://www.refonte.auchandirect.fr/bio-ecolo/epicerie-bio/confiture-de-fruits/id1/458/77985"><img src="http://www.refonte.auchandirect.fr/static/images/products/line/77985.jpg" alt="" class="produit "/></a><div class="picto"><span class="invisible"></span></div><div class="boutons-produit"><a id="addProductToBasket_104" onclick="javascript:Tapestry.waitForPage(event);" title="Ajouter au panier" class="bt-produit-ajout-panier" href="http://www.refonte.auchandirect.fr/rayon.productgridorlist.productlist_1.thumbnailproduct_0.addproducttobasket/77985?t:ac=484">Ajouter au panier</a><a id="addProductToShoppingList_158" onclick="javascript:Tapestry.waitForPage(event);" title="Ajouter à ma liste" class="bt-produit-ajout-liste" href="http://www.refonte.auchandirect.fr/rayon.productgridorlist.productlist_1.thumbnailproduct_0.addproducttoshoppinglist/77985?t:ac=484">Ajouter à ma liste</a></div><div class="infos-produit-1"><div class="prix-actuel"><span>2.25€</span></div></div><div class="infos-produit-2"><a title="Voir le produit" href="http://www.refonte.auchandirect.fr/bio-ecolo/epicerie-bio/confiture-de-fruits/id1/458/77985"><h2>AUCHAN BIO</h2><h4>Confiture de fruits</h4><h4>Oranges</h4><p>
350 g
<br/>
5.63€/kg
</p></a></div><div class="mini_picto_bas"><img src="http://www.refonte.auchandirect.fr/static/images/AB_small.jpg"/></div></div></div></td><td><!-- PL : ici --><div class="bloc-produit produit-auchan"><div class="bloc-produit-content"><a title="Voir le produit" href="http://www.refonte.auchandirect.fr/bio-ecolo/epicerie-bio/confiture-de-fruits/id1/458/77984"><img src="http://www.refonte.auchandirect.fr/static/images/products/line/77984.jpg" alt="" class="produit "/></a><div class="picto"><span class="invisible"></span></div><div class="boutons-produit"><a id="addProductToBasket_105" onclick="javascript:Tapestry.waitForPage(event);" title="Ajouter au panier" class="bt-produit-ajout-panier" href="http://www.refonte.auchandirect.fr/rayon.productgridorlist.productlist_1.thumbnailproduct_0.addproducttobasket/77984?t:ac=484">Ajouter au panier</a><a id="addProductToShoppingList_159" onclick="javascript:Tapestry.waitForPage(event);" title="Ajouter à ma liste" class="bt-produit-ajout-liste" href="http://www.refonte.auchandirect.fr/rayon.productgridorlist.productlist_1.thumbnailproduct_0.addproducttoshoppinglist/77984?t:ac=484">Ajouter à ma liste</a></div><div class="infos-produit-1"><div class="prix-actuel"><span>2.55€</span></div></div><div class="infos-produit-2"><a title="Voir le produit" href="http://www.refonte.auchandirect.fr/bio-ecolo/epicerie-bio/confiture-de-fruits/id1/458/77984"><h2>AUCHAN BIO</h2><h4>Confiture de fruits</h4><h4>Fraises</h4><p>
350 g
<br/>
6.38€/kg
</p></a></div><div class="mini_picto_bas"><img src="http://www.refonte.auchandirect.fr/static/images/AB_small.jpg"/></div></div></div></td><td><!-- PL : ici --><div class="bloc-produit produit-auchan"><div class="bloc-produit-content"><a title="Voir le produit" href="http://www.refonte.auchandirect.fr/bio-ecolo/epicerie-bio/confiture-de-fruits/id1/458/78011"><img src="http://www.refonte.auchandirect.fr/static/images/products/line/78011.jpg" alt="" class="produit "/></a><div class="picto"><span class="invisible"></span></div><div class="boutons-produit"><a id="addProductToBasket_106" onclick="javascript:Tapestry.waitForPage(event);" title="Ajouter au panier" class="bt-produit-ajout-panier" href="http://www.refonte.auchandirect.fr/rayon.productgridorlist.productlist_1.thumbnailproduct_0.addproducttobasket/78011?t:ac=484">Ajouter au panier</a><a id="addProductToShoppingList_160" onclick="javascript:Tapestry.waitForPage(event);" title="Ajouter à ma liste" class="bt-produit-ajout-liste" href="http://www.refonte.auchandirect.fr/rayon.productgridorlist.productlist_1.thumbnailproduct_0.addproducttoshoppinglist/78011?t:ac=484">Ajouter à ma liste</a></div><div class="infos-produit-1"><div class="prix-actuel"><span>2.55€</span></div></div><div class="infos-produit-2"><a title="Voir le produit" href="http://www.refonte.auchandirect.fr/bio-ecolo/epicerie-bio/confiture-de-fruits/id1/458/78011"><h2>AUCHAN BIO</h2><h4>Confiture de fruits</h4><h4>Abricots</h4><p>
350 g
<br/>
6.38€/kg
</p></a></div><div class="mini_picto_bas"><img src="http://www.refonte.auchandirect.fr/static/images/AB_small.jpg"/></div></div></div></td></tr><tr><td><!-- PL : ici --><div class="bloc-produit produit-auchan bientot-dispo"><div class="bloc-produit-content"><a title="Voir le produit" href="../../../bio-ecolo/boissons-bio/pur-jus-de-pommes/id1/455/58937.html"><img src="http://www.refonte.auchandirect.fr/static/images/products/line/58937.jpg" alt="" class="produit "/></a><div class="picto"><span class="invisible"></span></div><div class="boutons-produit"><a class="bt-produit-ajout-panier disable" title="Bientôt disponible" href="javascript:void(0)">Bientôt disponible</a><a id="addProductToShoppingList_161" onclick="javascript:Tapestry.waitForPage(event);" title="Ajouter à ma liste" class="bt-produit-ajout-liste" href="http://www.refonte.auchandirect.fr/rayon.productgridorlist.productlist_1.thumbnailproduct_0.addproducttoshoppinglist/58937?t:ac=484">Ajouter à ma liste</a></div><div class="infos-produit-1"><div class="prix-actuel"><span>3.05€</span></div></div><div class="infos-produit-2"><a title="Voir le produit" href="../../../bio-ecolo/boissons-bio/pur-jus-de-pommes/id1/455/58937.html"><h2>AUCHAN BIO</h2><h4>Pur jus de pommes</h4><h4></h4><p>
1 l
<br/>
3.05€/l
</p></a></div><div class="mini_picto_bas"><img alt="frais" src="http://www.refonte.auchandirect.fr/static/images/frais_small.jpg"/><img src="http://www.refonte.auchandirect.fr/static/images/DLC-garantie-6j_small.jpg"/><img src="http://www.refonte.auchandirect.fr/static/images/AB_small.jpg"/></div></div></div></td><td><!-- PL : ici --><div class="bloc-produit produit-auchan bientot-dispo"><div class="bloc-produit-content"><a title="Voir le produit" href="../../../bio-ecolo/boissons-bio/pur-jus-d'orange/id1/455/58936.html"><img src="http://www.refonte.auchandirect.fr/static/images/products/line/58936.jpg" alt="" class="produit "/></a><div class="picto"><span class="invisible"></span></div><div class="boutons-produit"><a class="bt-produit-ajout-panier disable" title="Bientôt disponible" href="javascript:void(0)">Bientôt disponible</a><a id="addProductToShoppingList_162" onclick="javascript:Tapestry.waitForPage(event);" title="Ajouter à ma liste" class="bt-produit-ajout-liste" href="http://www.refonte.auchandirect.fr/rayon.productgridorlist.productlist_1.thumbnailproduct_0.addproducttoshoppinglist/58936?t:ac=484">Ajouter à ma liste</a></div><div class="infos-produit-1"><div class="prix-actuel"><span>2.99€</span></div></div><div class="infos-produit-2"><a title="Voir le produit" href="../../../bio-ecolo/boissons-bio/pur-jus-d'orange/id1/455/58936.html"><h2>AUCHAN BIO</h2><h4>Pur jus d'orange</h4><h4></h4><p>
1 l
<br/>
2.99€/l
</p></a></div><div class="mini_picto_bas"><img alt="frais" src="http://www.refonte.auchandirect.fr/static/images/frais_small.jpg"/><img src="http://www.refonte.auchandirect.fr/static/images/DLC-garantie-6j_small.jpg"/><img src="http://www.refonte.auchandirect.fr/static/images/AB_small.jpg"/></div></div></div></td><td><!-- PL : ici --><div class="bloc-produit produit-auchan"><div class="bloc-produit-content"><a title="Voir le produit" href="http://www.refonte.auchandirect.fr/bio-ecolo/boissons-bio/jus-de-légumes/id1/455/53844"><img src="http://www.refonte.auchandirect.fr/static/images/products/line/53844.jpg" alt="" class="produit "/></a><div class="picto"><span class="invisible"></span></div><div class="boutons-produit"><a id="addProductToBasket_107" onclick="javascript:Tapestry.waitForPage(event);" title="Ajouter au panier" class="bt-produit-ajout-panier" href="http://www.refonte.auchandirect.fr/rayon.productgridorlist.productlist_1.thumbnailproduct_0.addproducttobasket/53844?t:ac=484">Ajouter au panier</a><a id="addProductToShoppingList_163" onclick="javascript:Tapestry.waitForPage(event);" title="Ajouter à ma liste" class="bt-produit-ajout-liste" href="http://www.refonte.auchandirect.fr/rayon.productgridorlist.productlist_1.thumbnailproduct_0.addproducttoshoppinglist/53844?t:ac=484">Ajouter à ma liste</a></div><div class="infos-produit-1"><div class="prix-actuel"><span>2.34€</span></div></div><div class="infos-produit-2"><a title="Voir le produit" href="http://www.refonte.auchandirect.fr/bio-ecolo/boissons-bio/jus-de-légumes/id1/455/53844"><h2>AUCHAN BIO</h2><h4>Jus de légumes</h4><h4></h4><p>
1 l
<br/>
2.34€/l
</p></a></div><div class="mini_picto_bas"><img src="http://www.refonte.auchandirect.fr/static/images/AB_small.jpg"/></div></div></div></td></tr><tr><td><!-- PL : ici --><div class="bloc-produit produit-auchan"><div class="bloc-produit-content"><a title="Voir le produit" href="http://www.refonte.auchandirect.fr/bio-ecolo/boissons-bio/pur-jus-de-carotte/id1/455/45920"><img src="http://www.refonte.auchandirect.fr/static/images/products/line/45920.jpg" alt="" class="produit "/></a><div class="picto"><span class="invisible"></span></div><div class="boutons-produit"><a id="addProductToBasket_108" onclick="javascript:Tapestry.waitForPage(event);" title="Ajouter au panier" class="bt-produit-ajout-panier" href="http://www.refonte.auchandirect.fr/rayon.productgridorlist.productlist_1.thumbnailproduct_0.addproducttobasket/45920?t:ac=484">Ajouter au panier</a><a id="addProductToShoppingList_164" onclick="javascript:Tapestry.waitForPage(event);" title="Ajouter à ma liste" class="bt-produit-ajout-liste" href="http://www.refonte.auchandirect.fr/rayon.productgridorlist.productlist_1.thumbnailproduct_0.addproducttoshoppinglist/45920?t:ac=484">Ajouter à ma liste</a></div><div class="infos-produit-1"><div class="prix-actuel"><span>2.34€</span></div></div><div class="infos-produit-2"><a title="Voir le produit" href="http://www.refonte.auchandirect.fr/bio-ecolo/boissons-bio/pur-jus-de-carotte/id1/455/45920"><h2>AUCHAN BIO</h2><h4>Pur jus de carotte</h4><h4></h4><p>
1 l
<br/>
2.34€/l
</p></a></div><div class="mini_picto_bas"><img src="http://www.refonte.auchandirect.fr/static/images/AB_small.jpg"/></div></div></div></td><td><!-- PL : ici --><div class="bloc-produit produit-auchan"><div class="bloc-produit-content"><a title="Voir le produit" href="http://www.refonte.auchandirect.fr/bio-ecolo/boissons-bio/jus-d'orange-avec-pulpe/id1/455/31210"><img src="http://www.refonte.auchandirect.fr/static/images/products/line/31210.jpg" alt="" class="produit "/></a><div class="picto"><span class="invisible"></span></div><div class="boutons-produit"><a id="addProductToBasket_109" onclick="javascript:Tapestry.waitForPage(event);" title="Ajouter au panier" class="bt-produit-ajout-panier" href="http://www.refonte.auchandirect.fr/rayon.productgridorlist.productlist_1.thumbnailproduct_0.addproducttobasket/31210?t:ac=484">Ajouter au panier</a><a id="addProductToShoppingList_165" onclick="javascript:Tapestry.waitForPage(event);" title="Ajouter à ma liste" class="bt-produit-ajout-liste" href="http://www.refonte.auchandirect.fr/rayon.productgridorlist.productlist_1.thumbnailproduct_0.addproducttoshoppinglist/31210?t:ac=484">Ajouter à ma liste</a></div><div class="infos-produit-1"><div class="prix-actuel"><span>2.05€</span></div></div><div class="infos-produit-2"><a title="Voir le produit" href="http://www.refonte.auchandirect.fr/bio-ecolo/boissons-bio/jus-d'orange-avec-pulpe/id1/455/31210"><h2>AUCHAN BIO</h2><h4>Jus d'orange avec pulpe</h4><h4></h4><p>
1 l
<br/>
2.05€/l
</p></a></div><div class="mini_picto_bas"><img src="http://www.refonte.auchandirect.fr/static/images/AB_small.jpg"/></div></div></div></td><td><!-- PL : ici --><div class="bloc-produit produit-auchan"><div class="bloc-produit-content"><a title="Voir le produit" href="http://www.refonte.auchandirect.fr/bio-ecolo/boissons-bio/pur-jus-de-raisin/id1/455/58931"><img src="http://www.refonte.auchandirect.fr/static/images/products/line/58931.jpg" alt="" class="produit "/></a><div class="picto"><span class="invisible"></span></div><div class="boutons-produit"><a id="addProductToBasket_110" onclick="javascript:Tapestry.waitForPage(event);" title="Ajouter au panier" class="bt-produit-ajout-panier" href="http://www.refonte.auchandirect.fr/rayon.productgridorlist.productlist_1.thumbnailproduct_0.addproducttobasket/58931?t:ac=484">Ajouter au panier</a><a id="addProductToShoppingList_166" onclick="javascript:Tapestry.waitForPage(event);" title="Ajouter à ma liste" class="bt-produit-ajout-liste" href="http://www.refonte.auchandirect.fr/rayon.productgridorlist.productlist_1.thumbnailproduct_0.addproducttoshoppinglist/58931?t:ac=484">Ajouter à ma liste</a></div><div class="infos-produit-1"><div class="prix-actuel"><span>1.97€</span></div></div><div class="infos-produit-2"><a title="Voir le produit" href="http://www.refonte.auchandirect.fr/bio-ecolo/boissons-bio/pur-jus-de-raisin/id1/455/58931"><h2>AUCHAN BIO</h2><h4>Pur jus de raisin</h4><h4></h4><p>
1 l
<br/>
1.97€/l
</p></a></div><div class="mini_picto_bas"><img src="http://www.refonte.auchandirect.fr/static/images/AB_small.jpg"/></div></div></div></td></tr><tr><td><!-- PL : ici --><div class="bloc-produit produit-auchan bientot-dispo"><div class="bloc-produit-content"><a title="Voir le produit" href="http://www.refonte.auchandirect.fr/bio-ecolo/boissons-bio/jus-de-pomme/id1/455/31311"><img src="http://www.refonte.auchandirect.fr/static/images/products/line/31311.jpg" alt="" class="produit "/></a><div class="picto"><span class="invisible"></span></div><div class="boutons-produit"><a class="bt-produit-ajout-panier disable" title="Bientôt disponible" href="javascript:void(0)">Bientôt disponible</a><a id="addProductToShoppingList_167" onclick="javascript:Tapestry.waitForPage(event);" title="Ajouter à ma liste" class="bt-produit-ajout-liste" href="http://www.refonte.auchandirect.fr/rayon.productgridorlist.productlist_1.thumbnailproduct_0.addproducttoshoppinglist/31311?t:ac=484">Ajouter à ma liste</a></div><div class="infos-produit-1"><div class="prix-actuel"><span>1.59€</span></div></div><div class="infos-produit-2"><a title="Voir le produit" href="http://www.refonte.auchandirect.fr/bio-ecolo/boissons-bio/jus-de-pomme/id1/455/31311"><h2>AUCHAN BIO</h2><h4>Jus de pomme</h4><h4>Bio</h4><p>
1 l
<br/>
1.59€/l
</p></a></div><div class="mini_picto_bas"><img src="http://www.refonte.auchandirect.fr/static/images/AB_small.jpg"/><img src="http://www.refonte.auchandirect.fr/static/images/mieux-vivre-bio_small.jpg"/></div></div></div></td><td><!-- PL : ici --><div class="bloc-produit promotion bientot-dispo"><div class="bloc-produit-content"><a title="Voir le produit" href="http://www.refonte.auchandirect.fr/bio-ecolo/boissons-bio/lait-demi-écrémé/id1/455/34919"><img src="http://www.refonte.auchandirect.fr/static/images/products/line/34919.jpg" alt="" class="produit "/></a><div class="picto"><span class="invisible"></span></div><img src="http://www.refonte.auchandirect.fr/static/images/moins-10pourcent_small.png" class="ruban"/><div class="boutons-produit"><a class="bt-produit-ajout-panier disable" title="Bientôt disponible" href="javascript:void(0)">Bientôt disponible</a><a id="addProductToShoppingList_168" onclick="javascript:Tapestry.waitForPage(event);" title="Ajouter à ma liste" class="bt-produit-ajout-liste" href="http://www.refonte.auchandirect.fr/rayon.productgridorlist.productlist_1.thumbnailproduct_0.addproducttoshoppinglist/34919?t:ac=484">Ajouter à ma liste</a></div><div class="infos-produit-1"><div class="prix-old">6.72€</div><div class="prix-promo">6.04€</div></div><div class="infos-produit-2"><a title="Voir le produit" href="http://www.refonte.auchandirect.fr/bio-ecolo/boissons-bio/lait-demi-écrémé/id1/455/34919"><h2>AUCHAN BIO</h2><h4>Lait demi-écrémé</h4><h4></h4><p>
6 x 1 l
<br/>
1.01€/l
</p></a></div><div class="mini_picto_bas"><img src="http://www.refonte.auchandirect.fr/static/images/DLC-garantie-30j_small.jpg"/><img src="http://www.refonte.auchandirect.fr/static/images/AB_small.jpg"/></div></div></div></td><td><!-- PL : ici --><div class="bloc-produit produit-auchan"><div class="bloc-produit-content"><a title="Voir le produit" href="http://www.refonte.auchandirect.fr/bio-ecolo/boissons-bio/boisson-au-riz/id1/455/60936"><img src="http://www.refonte.auchandirect.fr/static/images/products/line/60936.jpg" alt="" class="produit "/></a><div class="picto"><span class="invisible"></span></div><div class="boutons-produit"><a id="addProductToBasket_111" onclick="javascript:Tapestry.waitForPage(event);" title="Ajouter au panier" class="bt-produit-ajout-panier" href="http://www.refonte.auchandirect.fr/rayon.productgridorlist.productlist_1.thumbnailproduct_0.addproducttobasket/60936?t:ac=484">Ajouter au panier</a><a id="addProductToShoppingList_169" onclick="javascript:Tapestry.waitForPage(event);" title="Ajouter à ma liste" class="bt-produit-ajout-liste" href="http://www.refonte.auchandirect.fr/rayon.productgridorlist.productlist_1.thumbnailproduct_0.addproducttoshoppinglist/60936?t:ac=484">Ajouter à ma liste</a></div><div class="infos-produit-1"><div class="prix-actuel"><span>2.18€</span></div></div><div class="infos-produit-2"><a title="Voir le produit" href="http://www.refonte.auchandirect.fr/bio-ecolo/boissons-bio/boisson-au-riz/id1/455/60936"><h2>AUCHAN BIO</h2><h4>Boisson au riz</h4><h4>Nature</h4><p>
1 l
<br/>
2.18€/l
</p></a></div><div class="mini_picto_bas"><img src="http://www.refonte.auchandirect.fr/static/images/DLC-garantie-30j_small.jpg"/><img src="http://www.refonte.auchandirect.fr/static/images/AB_small.jpg"/></div></div></div></td></tr><tr><td><!-- PL : ici --><div class="bloc-produit produit-auchan"><div class="bloc-produit-content"><a title="Voir le produit" href="http://www.refonte.auchandirect.fr/bio-ecolo/boissons-bio/lait-demi-écrémé/id1/455/52450"><img src="http://www.refonte.auchandirect.fr/static/images/products/line/52450.jpg" alt="" class="produit "/></a><div class="picto"><span class="invisible"></span></div><div class="boutons-produit"><a id="addProductToBasket_112" onclick="javascript:Tapestry.waitForPage(event);" title="Ajouter au panier" class="bt-produit-ajout-panier" href="http://www.refonte.auchandirect.fr/rayon.productgridorlist.productlist_1.thumbnailproduct_0.addproducttobasket/52450?t:ac=484">Ajouter au panier</a><a id="addProductToShoppingList_170" onclick="javascript:Tapestry.waitForPage(event);" title="Ajouter à ma liste" class="bt-produit-ajout-liste" href="http://www.refonte.auchandirect.fr/rayon.productgridorlist.productlist_1.thumbnailproduct_0.addproducttoshoppinglist/52450?t:ac=484">Ajouter à ma liste</a></div><div class="infos-produit-1"><div class="prix-actuel"><span>1.16€</span></div></div><div class="infos-produit-2"><a title="Voir le produit" href="http://www.refonte.auchandirect.fr/bio-ecolo/boissons-bio/lait-demi-écrémé/id1/455/52450"><h2>AUCHAN BIO</h2><h4>Lait demi-écrémé</h4><h4></h4><p>
1 l
<br/>
1.16€/l
</p></a></div><div class="mini_picto_bas"><img src="http://www.refonte.auchandirect.fr/static/images/DLC-garantie-30j_small.jpg"/><img src="http://www.refonte.auchandirect.fr/static/images/AB_small.jpg"/></div></div></div></td><td><!-- PL : ici --><div class="bloc-produit produit-auchan"><div class="bloc-produit-content"><a title="Voir le produit" href="http://www.refonte.auchandirect.fr/bio-ecolo/boissons-bio/boisson-soja/id1/455/35023"><img src="http://www.refonte.auchandirect.fr/static/images/products/line/35023.jpg" alt="" class="produit "/></a><div class="picto"><span class="invisible"></span></div><div class="boutons-produit"><a id="addProductToBasket_113" onclick="javascript:Tapestry.waitForPage(event);" title="Ajouter au panier" class="bt-produit-ajout-panier" href="http://www.refonte.auchandirect.fr/rayon.productgridorlist.productlist_1.thumbnailproduct_0.addproducttobasket/35023?t:ac=484">Ajouter au panier</a><a id="addProductToShoppingList_171" onclick="javascript:Tapestry.waitForPage(event);" title="Ajouter à ma liste" class="bt-produit-ajout-liste" href="http://www.refonte.auchandirect.fr/rayon.productgridorlist.productlist_1.thumbnailproduct_0.addproducttoshoppinglist/35023?t:ac=484">Ajouter à ma liste</a></div><div class="infos-produit-1"><div class="prix-actuel"><span>0.99€</span></div></div><div class="infos-produit-2"><a title="Voir le produit" href="http://www.refonte.auchandirect.fr/bio-ecolo/boissons-bio/boisson-soja/id1/455/35023"><h2>AUCHAN BIO</h2><h4>Boisson soja</h4><h4>Vanille</h4><p>
1 l
<br/>
0.99€/l
</p></a></div><div class="mini_picto_bas"><img src="http://www.refonte.auchandirect.fr/static/images/AB_small.jpg"/></div></div></div></td><td><!-- PL : ici --><div class="bloc-produit produit-auchan bientot-dispo"><div class="bloc-produit-content"><a title="Voir le produit" href="http://www.refonte.auchandirect.fr/bio-ecolo/boissons-bio/boisson-au-soja-calcium/id1/455/35024"><img src="http://www.refonte.auchandirect.fr/static/images/products/line/35024.jpg" alt="" class="produit "/></a><div class="picto"><span class="invisible"></span></div><div class="boutons-produit"><a class="bt-produit-ajout-panier disable" title="Bientôt disponible" href="javascript:void(0)">Bientôt disponible</a><a id="addProductToShoppingList_172" onclick="javascript:Tapestry.waitForPage(event);" title="Ajouter à ma liste" class="bt-produit-ajout-liste" href="http://www.refonte.auchandirect.fr/rayon.productgridorlist.productlist_1.thumbnailproduct_0.addproducttoshoppinglist/35024?t:ac=484">Ajouter à ma liste</a></div><div class="infos-produit-1"><div class="prix-actuel"><span>0.99€</span></div></div><div class="infos-produit-2"><a title="Voir le produit" href="http://www.refonte.auchandirect.fr/bio-ecolo/boissons-bio/boisson-au-soja-calcium/id1/455/35024"><h2>AUCHAN BIO</h2><h4>Boisson au soja calcium</h4><h4>Nature</h4><p>
1 l
<br/>
0.99€/l
</p></a></div><div class="mini_picto_bas"><img src="http://www.refonte.auchandirect.fr/static/images/DLC-garantie-30j_small.jpg"/><img src="http://www.refonte.auchandirect.fr/static/images/AB_small.jpg"/></div></div></div></td></tr><tr><td><!-- PL : ici --><div class="bloc-produit produit-auchan bientot-dispo"><div class="bloc-produit-content"><a title="Voir le produit" href="http://www.refonte.auchandirect.fr/bio-ecolo/boissons-bio/lait-frais-entier/id1/455/59680"><img src="http://www.refonte.auchandirect.fr/static/images/products/line/59680.jpg" alt="" class="produit "/></a><div class="picto"><span class="invisible"></span></div><div class="boutons-produit"><a class="bt-produit-ajout-panier disable" title="Bientôt disponible" href="javascript:void(0)">Bientôt disponible</a><a id="addProductToShoppingList_173" onclick="javascript:Tapestry.waitForPage(event);" title="Ajouter à ma liste" class="bt-produit-ajout-liste" href="http://www.refonte.auchandirect.fr/rayon.productgridorlist.productlist_1.thumbnailproduct_0.addproducttoshoppinglist/59680?t:ac=484">Ajouter à ma liste</a></div><div class="infos-produit-1"><div class="prix-actuel"><span>1.31€</span></div></div><div class="infos-produit-2"><a title="Voir le produit" href="http://www.refonte.auchandirect.fr/bio-ecolo/boissons-bio/lait-frais-entier/id1/455/59680"><h2>AUCHAN BIO</h2><h4>Lait frais entier</h4><h4></h4><p>
1 l
<br/>
1.31€/l
</p></a></div><div class="mini_picto_bas"><img alt="frais" src="http://www.refonte.auchandirect.fr/static/images/frais_small.jpg"/><img src="http://www.refonte.auchandirect.fr/static/images/DLC-garantie-7j_small.jpg"/><img src="http://www.refonte.auchandirect.fr/static/images/AB_small.jpg"/></div></div></div></td><td><!-- PL : ici --><div class="bloc-produit produit-auchan"><div class="bloc-produit-content"><a title="Voir le produit" href="http://www.refonte.auchandirect.fr/bio-ecolo/boissons-bio/lait-frais-demi-ecrémé/id1/455/59679"><img src="http://www.refonte.auchandirect.fr/static/images/products/line/59679.jpg" alt="" class="produit "/></a><div class="picto"><span class="invisible"></span></div><div class="boutons-produit"><a id="addProductToBasket_114" onclick="javascript:Tapestry.waitForPage(event);" title="Ajouter au panier" class="bt-produit-ajout-panier" href="http://www.refonte.auchandirect.fr/rayon.productgridorlist.productlist_1.thumbnailproduct_0.addproducttobasket/59679?t:ac=484">Ajouter au panier</a><a id="addProductToShoppingList_174" onclick="javascript:Tapestry.waitForPage(event);" title="Ajouter à ma liste" class="bt-produit-ajout-liste" href="http://www.refonte.auchandirect.fr/rayon.productgridorlist.productlist_1.thumbnailproduct_0.addproducttoshoppinglist/59679?t:ac=484">Ajouter à ma liste</a></div><div class="infos-produit-1"><div class="prix-actuel"><span>1.21€</span></div></div><div class="infos-produit-2"><a title="Voir le produit" href="http://www.refonte.auchandirect.fr/bio-ecolo/boissons-bio/lait-frais-demi-ecrémé/id1/455/59679"><h2>AUCHAN BIO</h2><h4>Lait frais demi-ecrémé</h4><h4></h4><p>
1 l
<br/>
1.21€/l
</p></a></div><div class="mini_picto_bas"><img alt="frais" src="http://www.refonte.auchandirect.fr/static/images/frais_small.jpg"/><img src="http://www.refonte.auchandirect.fr/static/images/DLC-garantie-30j_small.jpg"/><img src="http://www.refonte.auchandirect.fr/static/images/AB_small.jpg"/></div></div></div></td><td><!-- PL : ici --><div class="bloc-produit produit-auchan"><div class="bloc-produit-content"><a title="Voir le produit" href="http://www.refonte.auchandirect.fr/petit-déjeuner-epicerie-sucrée/petit-déjeuner/pâte-à-tartiner-chocolat-blanc/id1/484/60056"><img src="http://www.refonte.auchandirect.fr/static/images/products/line/60056.jpg" alt="" class="produit "/></a><div class="picto"><span class="invisible"></span></div><div class="boutons-produit"><a id="addProductToBasket_115" onclick="javascript:Tapestry.waitForPage(event);" title="Ajouter au panier" class="bt-produit-ajout-panier" href="http://www.refonte.auchandirect.fr/rayon.productgridorlist.productlist_1.thumbnailproduct_0.addproducttobasket/60056?t:ac=484">Ajouter au panier</a><a id="addProductToShoppingList_175" onclick="javascript:Tapestry.waitForPage(event);" title="Ajouter à ma liste" class="bt-produit-ajout-liste" href="http://www.refonte.auchandirect.fr/rayon.productgridorlist.productlist_1.thumbnailproduct_0.addproducttoshoppinglist/60056?t:ac=484">Ajouter à ma liste</a></div><div class="infos-produit-1"><div class="prix-actuel"><span>2.27€</span></div></div><div class="infos-produit-2"><a title="Voir le produit" href="http://www.refonte.auchandirect.fr/petit-déjeuner-epicerie-sucrée/petit-déjeuner/pâte-à-tartiner-chocolat-blanc/id1/484/60056"><h2>AUCHAN MMM!</h2><h4>Pâte à tartiner chocolat blanc</h4><h4></h4><p>
225 g
<br/>
10.09€/kg
</p></a></div><div class="mini_picto_bas"><img src="http://www.refonte.auchandirect.fr/static/images/Mmm_small.jpg"/></div></div></div></td></tr><tr><td><!-- PL : ici --><div class="bloc-produit produit-auchan"><div class="bloc-produit-content"><a title="Voir le produit" href="http://www.refonte.auchandirect.fr/petit-déjeuner-epicerie-sucrée/petit-déjeuner/confiture-de-fruits/id1/484/61217"><img src="http://www.refonte.auchandirect.fr/static/images/products/line/61217.jpg" alt="" class="produit "/></a><div class="picto"><span class="invisible"></span></div><div class="boutons-produit"><a id="addProductToBasket_116" onclick="javascript:Tapestry.waitForPage(event);" title="Ajouter au panier" class="bt-produit-ajout-panier" href="http://www.refonte.auchandirect.fr/rayon.productgridorlist.productlist_1.thumbnailproduct_0.addproducttobasket/61217?t:ac=484">Ajouter au panier</a><a id="addProductToShoppingList_176" onclick="javascript:Tapestry.waitForPage(event);" title="Ajouter à ma liste" class="bt-produit-ajout-liste" href="http://www.refonte.auchandirect.fr/rayon.productgridorlist.productlist_1.thumbnailproduct_0.addproducttoshoppinglist/61217?t:ac=484">Ajouter à ma liste</a></div><div class="infos-produit-1"><div class="prix-actuel"><span>2.68€</span></div></div><div class="infos-produit-2"><a title="Voir le produit" href="http://www.refonte.auchandirect.fr/petit-déjeuner-epicerie-sucrée/petit-déjeuner/confiture-de-fruits/id1/484/61217"><h2>AUCHAN TERROIR</h2><h4>Confiture de fruits</h4><h4>Clémentine orange</h4><p>
315 g
<br/>
8.51€/kg
</p></a></div><div class="mini_picto_bas"><img src="http://www.refonte.auchandirect.fr/static/images/DLC-garantie-30j_small.jpg"/></div></div></div></td><td><!-- PL : ici --><div class="bloc-produit produit-auchan"><div class="bloc-produit-content"><a title="Voir le produit" href="http://www.refonte.auchandirect.fr/petit-déjeuner-epicerie-sucrée/petit-déjeuner/confiture-de-lait-de-normandie/id1/484/60367"><img src="http://www.refonte.auchandirect.fr/static/images/products/line/60367.jpg" alt="" class="produit "/></a><div class="picto"><span class="invisible"></span></div><div class="boutons-produit"><a id="addProductToBasket_117" onclick="javascript:Tapestry.waitForPage(event);" title="Ajouter au panier" class="bt-produit-ajout-panier" href="http://www.refonte.auchandirect.fr/rayon.productgridorlist.productlist_1.thumbnailproduct_0.addproducttobasket/60367?t:ac=484">Ajouter au panier</a><a id="addProductToShoppingList_177" onclick="javascript:Tapestry.waitForPage(event);" title="Ajouter à ma liste" class="bt-produit-ajout-liste" href="http://www.refonte.auchandirect.fr/rayon.productgridorlist.productlist_1.thumbnailproduct_0.addproducttoshoppinglist/60367?t:ac=484">Ajouter à ma liste</a></div><div class="infos-produit-1"><div class="prix-actuel"><span>2.87€</span></div></div><div class="infos-produit-2"><a title="Voir le produit" href="http://www.refonte.auchandirect.fr/petit-déjeuner-epicerie-sucrée/petit-déjeuner/confiture-de-lait-de-normandie/id1/484/60367"><h2>AUCHAN TERROIR</h2><h4>Confiture de lait de normandie</h4><h4></h4><p>
320 g
<br/>
8.97€/kg
</p></a></div><div class="mini_picto_bas"><img src="http://www.refonte.auchandirect.fr/static/images/DLC-garantie-30j_small.jpg"/></div></div></div></td><td><!-- PL : ici --><div class="bloc-produit "><div class="bloc-produit-content"><a title="Voir le produit" href="http://www.refonte.auchandirect.fr/petit-déjeuner-epicerie-sucrée/petit-déjeuner/chocolat-en-poudre-céréales-et-banane/id1/484/40904"><img src="http://www.refonte.auchandirect.fr/static/images/products/line/40904.jpg" alt="" class="produit "/></a><div class="picto"><span class="invisible"></span></div><div class="boutons-produit"><a id="addProductToBasket_118" onclick="javascript:Tapestry.waitForPage(event);" title="Ajouter au panier" class="bt-produit-ajout-panier" href="http://www.refonte.auchandirect.fr/rayon.productgridorlist.productlist_1.thumbnailproduct_0.addproducttobasket/40904?t:ac=484">Ajouter au panier</a><a id="addProductToShoppingList_178" onclick="javascript:Tapestry.waitForPage(event);" title="Ajouter à ma liste" class="bt-produit-ajout-liste" href="http://www.refonte.auchandirect.fr/rayon.productgridorlist.productlist_1.thumbnailproduct_0.addproducttoshoppinglist/40904?t:ac=484">Ajouter à ma liste</a></div><div class="infos-produit-1"><div class="prix-actuel"><span>1.97€</span></div></div><div class="infos-produit-2"><a title="Voir le produit" href="http://www.refonte.auchandirect.fr/petit-déjeuner-epicerie-sucrée/petit-déjeuner/chocolat-en-poudre-céréales-et-banane/id1/484/40904"><h2>BANANIA</h2><h4>Chocolat en poudre céréales et banane</h4><h4></h4><p>
400 g
<br/>
4.93€/kg
</p></a></div><div class="mini_picto_bas"><img src="http://www.refonte.auchandirect.fr/static/images/DLC-garantie-30j_small.jpg"/></div></div></div></td></tr><tr><td><!-- PL : ici --><div class="bloc-produit "><div class="bloc-produit-content"><a title="Voir le produit" href="http://www.refonte.auchandirect.fr/petit-déjeuner-epicerie-sucrée/petit-déjeuner/boisson-instantanée-au-chocolat/id1/484/12725"><img src="http://www.refonte.auchandirect.fr/static/images/products/line/12725.jpg" alt="" class="produit "/></a><div class="picto"><span class="invisible"></span></div><div class="boutons-produit"><a id="addProductToBasket_119" onclick="javascript:Tapestry.waitForPage(event);" title="Ajouter au panier" class="bt-produit-ajout-panier" href="http://www.refonte.auchandirect.fr/rayon.productgridorlist.productlist_1.thumbnailproduct_0.addproducttobasket/12725?t:ac=484">Ajouter au panier</a><a id="addProductToShoppingList_179" onclick="javascript:Tapestry.waitForPage(event);" title="Ajouter à ma liste" class="bt-produit-ajout-liste" href="http://www.refonte.auchandirect.fr/rayon.productgridorlist.productlist_1.thumbnailproduct_0.addproducttoshoppinglist/12725?t:ac=484">Ajouter à ma liste</a></div><div class="infos-produit-1"><div class="prix-actuel"><span>4.36€</span></div></div><div class="infos-produit-2"><a title="Voir le produit" href="http://www.refonte.auchandirect.fr/petit-déjeuner-epicerie-sucrée/petit-déjeuner/boisson-instantanée-au-chocolat/id1/484/12725"><h2>BANANIA</h2><h4>Boisson instantanée au chocolat</h4><h4></h4><p>
1 kg
<br/>
4.36€/kg
</p></a></div><div class="mini_picto_bas"><img src="http://www.refonte.auchandirect.fr/static/images/DLC-garantie-30j_small.jpg"/></div></div></div></td><td><!-- PL : ici --><div class="bloc-produit "><div class="bloc-produit-content"><a title="Voir le produit" href="http://www.refonte.auchandirect.fr/petit-déjeuner-epicerie-sucrée/petit-déjeuner/boisson-instantanée-au-chocolat/id1/484/100537"><img src="http://www.refonte.auchandirect.fr/static/images/products/line/100537.jpg" alt="" class="produit "/></a><div class="picto"><span class="invisible"></span></div><div class="boutons-produit"><a id="addProductToBasket_120" onclick="javascript:Tapestry.waitForPage(event);" title="Ajouter au panier" class="bt-produit-ajout-panier" href="http://www.refonte.auchandirect.fr/rayon.productgridorlist.productlist_1.thumbnailproduct_0.addproducttobasket/100537?t:ac=484">Ajouter au panier</a><a id="addProductToShoppingList_180" onclick="javascript:Tapestry.waitForPage(event);" title="Ajouter à ma liste" class="bt-produit-ajout-liste" href="http://www.refonte.auchandirect.fr/rayon.productgridorlist.productlist_1.thumbnailproduct_0.addproducttoshoppinglist/100537?t:ac=484">Ajouter à ma liste</a></div><div class="infos-produit-1"><div class="prix-actuel"><span>3.51€</span></div></div><div class="infos-produit-2"><a title="Voir le produit" href="http://www.refonte.auchandirect.fr/petit-déjeuner-epicerie-sucrée/petit-déjeuner/boisson-instantanée-au-chocolat/id1/484/100537"><h2>BENCO</h2><h4>Boisson instantanée au chocolat</h4><h4>Energie</h4><p>
800 g
<br/>
4.39€/kg
</p></a></div><div class="mini_picto_bas"><img src="http://www.refonte.auchandirect.fr/static/images/DLC-garantie-30j_small.jpg"/></div></div></div></td><td><!-- PL : ici --><div class="bloc-produit  bientot-dispo"><div class="bloc-produit-content"><a title="Voir le produit" href="http://www.refonte.auchandirect.fr/petit-déjeuner-epicerie-sucrée/petit-déjeuner/boisson-instantanée-au-chocolat/id1/484/38094"><img src="http://www.refonte.auchandirect.fr/static/images/products/line/38094.jpg" alt="" class="produit "/></a><div class="picto"><span class="invisible"></span></div><div class="boutons-produit"><a class="bt-produit-ajout-panier disable" title="Bientôt disponible" href="javascript:void(0)">Bientôt disponible</a><a id="addProductToShoppingList_181" onclick="javascript:Tapestry.waitForPage(event);" title="Ajouter à ma liste" class="bt-produit-ajout-liste" href="http://www.refonte.auchandirect.fr/rayon.productgridorlist.productlist_1.thumbnailproduct_0.addproducttoshoppinglist/38094?t:ac=484">Ajouter à ma liste</a></div><div class="infos-produit-1"><div class="prix-actuel"><span>1.81€</span></div></div><div class="infos-produit-2"><a title="Voir le produit" href="http://www.refonte.auchandirect.fr/petit-déjeuner-epicerie-sucrée/petit-déjeuner/boisson-instantanée-au-chocolat/id1/484/38094"><h2>BENCO</h2><h4>Boisson instantanée au chocolat</h4><h4>Energie</h4><p>
400 g
<br/>
4.53€/kg
</p></a></div><div class="mini_picto_bas"><img src="http://www.refonte.auchandirect.fr/static/images/DLC-garantie-30j_small.jpg"/></div></div></div></td></tr><tr><td><!-- PL : ici --><div class="bloc-produit "><div class="bloc-produit-content"><a title="Voir le produit" href="http://www.refonte.auchandirect.fr/bio-ecolo/epicerie-bio/son-d'avoine/id1/458/60753"><img src="http://www.refonte.auchandirect.fr/static/images/products/line/60753.jpg" alt="" class="produit "/></a><div class="picto"><span class="invisible"></span></div><div class="boutons-produit"><a id="addProductToBasket_121" onclick="javascript:Tapestry.waitForPage(event);" title="Ajouter au panier" class="bt-produit-ajout-panier" href="http://www.refonte.auchandirect.fr/rayon.productgridorlist.productlist_1.thumbnailproduct_0.addproducttobasket/60753?t:ac=484">Ajouter au panier</a><a id="addProductToShoppingList_182" onclick="javascript:Tapestry.waitForPage(event);" title="Ajouter à ma liste" class="bt-produit-ajout-liste" href="http://www.refonte.auchandirect.fr/rayon.productgridorlist.productlist_1.thumbnailproduct_0.addproducttoshoppinglist/60753?t:ac=484">Ajouter à ma liste</a></div><div class="infos-produit-1"><div class="prix-actuel"><span>1.79€</span></div></div><div class="infos-produit-2"><a title="Voir le produit" href="http://www.refonte.auchandirect.fr/bio-ecolo/epicerie-bio/son-d'avoine/id1/458/60753"><h2>BIOTHENTIC</h2><h4>Son d'avoine</h4><h4></h4><p>
250 g
<br/>
7.16€/kg
</p></a></div><div class="mini_picto_bas"><img src="http://www.refonte.auchandirect.fr/static/images/DLC-garantie-30j_small.jpg"/><img src="http://www.refonte.auchandirect.fr/static/images/AB_small.jpg"/></div></div></div></td><td><!-- PL : ici --><div class="bloc-produit nouveaute"><div class="bloc-produit-content"><a title="Voir le produit" href="../../../bio-ecolo/epicerie-bio/th%25C3%25A9-vert-de-ceylan-bio/id1/458/54140.html"><img src="http://www.refonte.auchandirect.fr/static/images/products/line/54140.jpg" alt="" class="produit "/></a><div class="picto"><span class="invisible"></span></div><img alt="nouveauté" src="http://www.refonte.auchandirect.fr/static/images/ruban-nouveaute_small.png" class="ruban"/><div class="boutons-produit"><a id="addProductToBasket_122" onclick="javascript:Tapestry.waitForPage(event);" title="Ajouter au panier" class="bt-produit-ajout-panier" href="http://www.refonte.auchandirect.fr/rayon.productgridorlist.productlist_1.thumbnailproduct_0.addproducttobasket/54140?t:ac=484">Ajouter au panier</a><a id="addProductToShoppingList_183" onclick="javascript:Tapestry.waitForPage(event);" title="Ajouter à ma liste" class="bt-produit-ajout-liste" href="http://www.refonte.auchandirect.fr/rayon.productgridorlist.productlist_1.thumbnailproduct_0.addproducttoshoppinglist/54140?t:ac=484">Ajouter à ma liste</a></div><div class="infos-produit-1"><div class="prix-actuel"><span>3.03€</span></div></div><div class="infos-produit-2"><a title="Voir le produit" href="../../../bio-ecolo/epicerie-bio/th%25C3%25A9-vert-de-ceylan-bio/id1/458/54140.html"><h2>BJORG</h2><h4>Thé vert de ceylan bio</h4><h4></h4><p>
38 g
<br/>
79.74€/kg
</p></a></div><div class="mini_picto_bas"><img src="http://www.refonte.auchandirect.fr/static/images/AB_small.jpg"/></div></div></div></td><td><!-- PL : ici --><div class="bloc-produit "><div class="bloc-produit-content"><a title="Voir le produit" href="http://www.refonte.auchandirect.fr/bio-ecolo/epicerie-bio/muesli-et-fruits-secs-bio/id1/458/11994"><img src="http://www.refonte.auchandirect.fr/static/images/products/line/11994.jpg" alt="" class="produit "/></a><div class="picto"><span class="invisible"></span></div><div class="boutons-produit"><a id="addProductToBasket_123" onclick="javascript:Tapestry.waitForPage(event);" title="Ajouter au panier" class="bt-produit-ajout-panier" href="http://www.refonte.auchandirect.fr/rayon.productgridorlist.productlist_1.thumbnailproduct_0.addproducttobasket/11994?t:ac=484">Ajouter au panier</a><a id="addProductToShoppingList_184" onclick="javascript:Tapestry.waitForPage(event);" title="Ajouter à ma liste" class="bt-produit-ajout-liste" href="http://www.refonte.auchandirect.fr/rayon.productgridorlist.productlist_1.thumbnailproduct_0.addproducttoshoppinglist/11994?t:ac=484">Ajouter à ma liste</a></div><div class="infos-produit-1"><div class="prix-actuel"><span>3.75€</span></div></div><div class="infos-produit-2"><a title="Voir le produit" href="http://www.refonte.auchandirect.fr/bio-ecolo/epicerie-bio/muesli-et-fruits-secs-bio/id1/458/11994"><h2>BJORG</h2><h4>Muesli et fruits secs bio</h4><h4></h4><p>
375 g
<br/>
10.00€/kg
</p></a></div><div class="mini_picto_bas"><img src="http://www.refonte.auchandirect.fr/static/images/DLC-garantie-30j_small.jpg"/><img src="http://www.refonte.auchandirect.fr/static/images/AB_small.jpg"/></div></div></div></td></tr><tr><td><!-- PL : ici --><div class="bloc-produit "><div class="bloc-produit-content"><a title="Voir le produit" href="http://www.refonte.auchandirect.fr/bio-ecolo/epicerie-bio/céréales-chocolat-bio/id1/458/76595"><img src="http://www.refonte.auchandirect.fr/static/images/products/line/76595.jpg" alt="" class="produit "/></a><div class="picto"><span class="invisible"></span></div><div class="boutons-produit"><a id="addProductToBasket_124" onclick="javascript:Tapestry.waitForPage(event);" title="Ajouter au panier" class="bt-produit-ajout-panier" href="http://www.refonte.auchandirect.fr/rayon.productgridorlist.productlist_1.thumbnailproduct_0.addproducttobasket/76595?t:ac=484">Ajouter au panier</a><a id="addProductToShoppingList_185" onclick="javascript:Tapestry.waitForPage(event);" title="Ajouter à ma liste" class="bt-produit-ajout-liste" href="http://www.refonte.auchandirect.fr/rayon.productgridorlist.productlist_1.thumbnailproduct_0.addproducttoshoppinglist/76595?t:ac=484">Ajouter à ma liste</a></div><div class="infos-produit-1"><div class="prix-actuel"><span>3.80€</span></div></div><div class="infos-produit-2"><a title="Voir le produit" href="http://www.refonte.auchandirect.fr/bio-ecolo/epicerie-bio/céréales-chocolat-bio/id1/458/76595"><h2>BJORG</h2><h4>Céréales chocolat bio</h4><h4>Ourson</h4><p>
660 g
<br/>
15.20€/kg
</p></a></div><div class="mini_picto_bas"><img src="http://www.refonte.auchandirect.fr/static/images/AB_small.jpg"/></div></div></div></td><td><!-- PL : ici --><div class="bloc-produit "><div class="bloc-produit-content"><a title="Voir le produit" href="http://www.refonte.auchandirect.fr/bio-ecolo/epicerie-bio/galettes-de-riz-complet-bio/id1/458/1295"><img src="http://www.refonte.auchandirect.fr/static/images/products/line/1295.jpg" alt="" class="produit "/></a><div class="picto"><span class="invisible"></span></div><div class="boutons-produit"><a id="addProductToBasket_125" onclick="javascript:Tapestry.waitForPage(event);" title="Ajouter au panier" class="bt-produit-ajout-panier" href="http://www.refonte.auchandirect.fr/rayon.productgridorlist.productlist_1.thumbnailproduct_0.addproducttobasket/1295?t:ac=484">Ajouter au panier</a><a id="addProductToShoppingList_186" onclick="javascript:Tapestry.waitForPage(event);" title="Ajouter à ma liste" class="bt-produit-ajout-liste" href="http://www.refonte.auchandirect.fr/rayon.productgridorlist.productlist_1.thumbnailproduct_0.addproducttoshoppinglist/1295?t:ac=484">Ajouter à ma liste</a></div><div class="infos-produit-1"><div class="prix-actuel"><span>1.34€</span></div></div><div class="infos-produit-2"><a title="Voir le produit" href="http://www.refonte.auchandirect.fr/bio-ecolo/epicerie-bio/galettes-de-riz-complet-bio/id1/458/1295"><h2>BJORG</h2><h4>Galettes de riz complet bio</h4><h4></h4><p>
130 g
<br/>
10.31€/kg
</p></a></div><div class="mini_picto_bas"><img src="http://www.refonte.auchandirect.fr/static/images/DLC-garantie-30j_small.jpg"/><img src="http://www.refonte.auchandirect.fr/static/images/AB_small.jpg"/></div></div></div></td><td><!-- PL : ici --><div class="bloc-produit "><div class="bloc-produit-content"><a title="Voir le produit" href="http://www.refonte.auchandirect.fr/bio-ecolo/epicerie-bio/galettes-de-mais-bio/id1/458/47571"><img src="http://www.refonte.auchandirect.fr/static/images/products/line/47571.jpg" alt="" class="produit "/></a><div class="picto"><span class="invisible"></span></div><div class="boutons-produit"><a id="addProductToBasket_126" onclick="javascript:Tapestry.waitForPage(event);" title="Ajouter au panier" class="bt-produit-ajout-panier" href="http://www.refonte.auchandirect.fr/rayon.productgridorlist.productlist_1.thumbnailproduct_0.addproducttobasket/47571?t:ac=484">Ajouter au panier</a><a id="addProductToShoppingList_187" onclick="javascript:Tapestry.waitForPage(event);" title="Ajouter à ma liste" class="bt-produit-ajout-liste" href="http://www.refonte.auchandirect.fr/rayon.productgridorlist.productlist_1.thumbnailproduct_0.addproducttoshoppinglist/47571?t:ac=484">Ajouter à ma liste</a></div><div class="infos-produit-1"><div class="prix-actuel"><span>2.02€</span></div></div><div class="infos-produit-2"><a title="Voir le produit" href="http://www.refonte.auchandirect.fr/bio-ecolo/epicerie-bio/galettes-de-mais-bio/id1/458/47571"><h2>BJORG</h2><h4>Galettes de mais bio</h4><h4>Nature</h4><p>
130 g
<br/>
15.54€/kg
</p></a></div><div class="mini_picto_bas"><img src="http://www.refonte.auchandirect.fr/static/images/DLC-garantie-30j_small.jpg"/><img src="http://www.refonte.auchandirect.fr/static/images/AB_small.jpg"/></div></div></div></td></tr><tr><td><!-- PL : ici --><div class="bloc-produit  bientot-dispo"><div class="bloc-produit-content"><a title="Voir le produit" href="http://www.refonte.auchandirect.fr/bio-ecolo/epicerie-bio/galettes-4-céréales-bio/id1/458/38876"><img src="http://www.refonte.auchandirect.fr/static/images/products/line/38876.jpg" alt="" class="produit "/></a><div class="picto"><span class="invisible"></span></div><div class="boutons-produit"><a class="bt-produit-ajout-panier disable" title="Bientôt disponible" href="javascript:void(0)">Bientôt disponible</a><a id="addProductToShoppingList_188" onclick="javascript:Tapestry.waitForPage(event);" title="Ajouter à ma liste" class="bt-produit-ajout-liste" href="http://www.refonte.auchandirect.fr/rayon.productgridorlist.productlist_1.thumbnailproduct_0.addproducttoshoppinglist/38876?t:ac=484">Ajouter à ma liste</a></div><div class="infos-produit-1"><div class="prix-actuel"><span>1.32€</span></div></div><div class="infos-produit-2"><a title="Voir le produit" href="http://www.refonte.auchandirect.fr/bio-ecolo/epicerie-bio/galettes-4-céréales-bio/id1/458/38876"><h2>BJORG</h2><h4>Galettes 4 céréales bio</h4><h4></h4><p>
130 g
<br/>
10.15€/kg
</p></a></div><div class="mini_picto_bas"><img src="http://www.refonte.auchandirect.fr/static/images/DLC-garantie-30j_small.jpg"/><img src="http://www.refonte.auchandirect.fr/static/images/AB_small.jpg"/></div></div></div></td><td><!-- PL : ici --><div class="bloc-produit "><div class="bloc-produit-content"><a title="Voir le produit" href="http://www.refonte.auchandirect.fr/bio-ecolo/epicerie-bio/pain-complet-3-céréales-bio/id1/458/73725"><img src="http://www.refonte.auchandirect.fr/static/images/products/line/73725.jpg" alt="" class="produit "/></a><div class="picto"><span class="invisible"></span></div><div class="boutons-produit"><a id="addProductToBasket_127" onclick="javascript:Tapestry.waitForPage(event);" title="Ajouter au panier" class="bt-produit-ajout-panier" href="http://www.refonte.auchandirect.fr/rayon.productgridorlist.productlist_1.thumbnailproduct_0.addproducttobasket/73725?t:ac=484">Ajouter au panier</a><a id="addProductToShoppingList_189" onclick="javascript:Tapestry.waitForPage(event);" title="Ajouter à ma liste" class="bt-produit-ajout-liste" href="http://www.refonte.auchandirect.fr/rayon.productgridorlist.productlist_1.thumbnailproduct_0.addproducttoshoppinglist/73725?t:ac=484">Ajouter à ma liste</a></div><div class="infos-produit-1"><div class="prix-actuel"><span>2.96€</span></div></div><div class="infos-produit-2"><a title="Voir le produit" href="http://www.refonte.auchandirect.fr/bio-ecolo/epicerie-bio/pain-complet-3-céréales-bio/id1/458/73725"><h2>BJORG</h2><h4>Pain complet 3 céréales bio</h4><h4></h4><p>
500 g
<br/>
5.92€/kg
</p></a></div><div class="mini_picto_bas"><img src="http://www.refonte.auchandirect.fr/static/images/AB_small.jpg"/></div></div></div></td><td><!-- PL : ici --><div class="bloc-produit  bientot-dispo"><div class="bloc-produit-content"><a title="Voir le produit" href="http://www.refonte.auchandirect.fr/bio-ecolo/epicerie-bio/sirop-d'agave-bio/id1/458/50247"><img src="http://www.refonte.auchandirect.fr/static/images/products/line/50247.jpg" alt="" class="produit "/></a><div class="picto"><span class="invisible"></span></div><div class="boutons-produit"><a class="bt-produit-ajout-panier disable" title="Bientôt disponible" href="javascript:void(0)">Bientôt disponible</a><a id="addProductToShoppingList_190" onclick="javascript:Tapestry.waitForPage(event);" title="Ajouter à ma liste" class="bt-produit-ajout-liste" href="http://www.refonte.auchandirect.fr/rayon.productgridorlist.productlist_1.thumbnailproduct_0.addproducttoshoppinglist/50247?t:ac=484">Ajouter à ma liste</a></div><div class="infos-produit-1"><div class="prix-actuel"><span>3.86€</span></div></div><div class="infos-produit-2"><a title="Voir le produit" href="http://www.refonte.auchandirect.fr/bio-ecolo/epicerie-bio/sirop-d'agave-bio/id1/458/50247"><h2>BJORG</h2><h4>Sirop d'agave bio</h4><h4></h4><p>
250 ml
<br/>
15.44€/l
</p></a></div><div class="mini_picto_bas"><img src="http://www.refonte.auchandirect.fr/static/images/AB_small.jpg"/></div></div></div></td></tr><tr><td><!-- PL : ici --><div class="bloc-produit "><div class="bloc-produit-content"><a title="Voir le produit" href="http://www.refonte.auchandirect.fr/bio-ecolo/boissons-bio/jus-de-pruneaux-bio/id1/455/2089"><img src="http://www.refonte.auchandirect.fr/static/images/products/line/2089.jpg" alt="" class="produit "/></a><div class="picto"><span class="invisible"></span></div><div class="boutons-produit"><a id="addProductToBasket_128" onclick="javascript:Tapestry.waitForPage(event);" title="Ajouter au panier" class="bt-produit-ajout-panier" href="http://www.refonte.auchandirect.fr/rayon.productgridorlist.productlist_1.thumbnailproduct_0.addproducttobasket/2089?t:ac=484">Ajouter au panier</a><a id="addProductToShoppingList_191" onclick="javascript:Tapestry.waitForPage(event);" title="Ajouter à ma liste" class="bt-produit-ajout-liste" href="http://www.refonte.auchandirect.fr/rayon.productgridorlist.productlist_1.thumbnailproduct_0.addproducttoshoppinglist/2089?t:ac=484">Ajouter à ma liste</a></div><div class="infos-produit-1"><div class="prix-actuel"><span>3.80€</span></div></div><div class="infos-produit-2"><a title="Voir le produit" href="http://www.refonte.auchandirect.fr/bio-ecolo/boissons-bio/jus-de-pruneaux-bio/id1/455/2089"><h2>BJORG</h2><h4>Jus de pruneaux bio</h4><h4></h4><p>
75 cl
<br/>
5.07€/l
</p></a></div><div class="mini_picto_bas"><img src="http://www.refonte.auchandirect.fr/static/images/AB_small.jpg"/></div></div></div></td><td><!-- PL : ici --><div class="bloc-produit "><div class="bloc-produit-content"><a title="Voir le produit" href="http://www.refonte.auchandirect.fr/bio-ecolo/boissons-bio/jus-de-carottes-bio/id1/455/1301"><img src="http://www.refonte.auchandirect.fr/static/images/products/line/1301.jpg" alt="" class="produit "/></a><div class="picto"><span class="invisible"></span></div><div class="boutons-produit"><a id="addProductToBasket_129" onclick="javascript:Tapestry.waitForPage(event);" title="Ajouter au panier" class="bt-produit-ajout-panier" href="http://www.refonte.auchandirect.fr/rayon.productgridorlist.productlist_1.thumbnailproduct_0.addproducttobasket/1301?t:ac=484">Ajouter au panier</a><a id="addProductToShoppingList_192" onclick="javascript:Tapestry.waitForPage(event);" title="Ajouter à ma liste" class="bt-produit-ajout-liste" href="http://www.refonte.auchandirect.fr/rayon.productgridorlist.productlist_1.thumbnailproduct_0.addproducttoshoppinglist/1301?t:ac=484">Ajouter à ma liste</a></div><div class="infos-produit-1"><div class="prix-actuel"><span>3.27€</span></div></div><div class="infos-produit-2"><a title="Voir le produit" href="http://www.refonte.auchandirect.fr/bio-ecolo/boissons-bio/jus-de-carottes-bio/id1/455/1301"><h2>BJORG</h2><h4>Jus de carottes bio</h4><h4></h4><p>
75 cl
<br/>
4.36€/l
</p></a></div><div class="mini_picto_bas"><img src="http://www.refonte.auchandirect.fr/static/images/AB_small.jpg"/></div></div></div></td><td><!-- PL : ici --><div class="bloc-produit "><div class="bloc-produit-content"><a title="Voir le produit" href="http://www.refonte.auchandirect.fr/bio-ecolo/boissons-bio/boisson-soja-bio/id1/455/1300"><img src="http://www.refonte.auchandirect.fr/static/images/products/line/1300.jpg" alt="" class="produit "/></a><div class="picto"><span class="invisible"></span></div><div class="boutons-produit"><a id="addProductToBasket_130" onclick="javascript:Tapestry.waitForPage(event);" title="Ajouter au panier" class="bt-produit-ajout-panier" href="http://www.refonte.auchandirect.fr/rayon.productgridorlist.productlist_1.thumbnailproduct_0.addproducttobasket/1300?t:ac=484">Ajouter au panier</a><a id="addProductToShoppingList_193" onclick="javascript:Tapestry.waitForPage(event);" title="Ajouter à ma liste" class="bt-produit-ajout-liste" href="http://www.refonte.auchandirect.fr/rayon.productgridorlist.productlist_1.thumbnailproduct_0.addproducttoshoppinglist/1300?t:ac=484">Ajouter à ma liste</a></div><div class="infos-produit-1"><div class="prix-actuel"><span>2.51€</span></div></div><div class="infos-produit-2"><a title="Voir le produit" href="http://www.refonte.auchandirect.fr/bio-ecolo/boissons-bio/boisson-soja-bio/id1/455/1300"><h2>BJORG</h2><h4>Boisson soja bio</h4><h4>Vanille</h4><p>
1 l
<br/>
2.51€/l
</p></a></div><div class="mini_picto_bas"><img src="http://www.refonte.auchandirect.fr/static/images/DLC-garantie-30j_small.jpg"/><img src="http://www.refonte.auchandirect.fr/static/images/AB_small.jpg"/></div></div></div></td></tr><tr><td><!-- PL : ici --><div class="bloc-produit  bientot-dispo"><div class="bloc-produit-content"><a title="Voir le produit" href="http://www.refonte.auchandirect.fr/bio-ecolo/boissons-bio/boisson-soja-bio/id1/455/38417"><img src="http://www.refonte.auchandirect.fr/static/images/products/line/38417.jpg" alt="" class="produit "/></a><div class="picto"><span class="invisible"></span></div><div class="boutons-produit"><a class="bt-produit-ajout-panier disable" title="Bientôt disponible" href="javascript:void(0)">Bientôt disponible</a><a id="addProductToShoppingList_194" onclick="javascript:Tapestry.waitForPage(event);" title="Ajouter à ma liste" class="bt-produit-ajout-liste" href="http://www.refonte.auchandirect.fr/rayon.productgridorlist.productlist_1.thumbnailproduct_0.addproducttoshoppinglist/38417?t:ac=484">Ajouter à ma liste</a></div><div class="infos-produit-1"><div class="prix-actuel"><span>2.77€</span></div></div><div class="infos-produit-2"><a title="Voir le produit" href="http://www.refonte.auchandirect.fr/bio-ecolo/boissons-bio/boisson-soja-bio/id1/455/38417"><h2>BJORG</h2><h4>Boisson soja bio</h4><h4>Chocolat</h4><p>
3 x 25 cl
<br/>
3.69€/l
</p></a></div><div class="mini_picto_bas"><img src="http://www.refonte.auchandirect.fr/static/images/DLC-garantie-30j_small.jpg"/><img src="http://www.refonte.auchandirect.fr/static/images/AB_small.jpg"/></div></div></div></td><td><!-- PL : ici --><div class="bloc-produit  bientot-dispo"><div class="bloc-produit-content"><a title="Voir le produit" href="http://www.refonte.auchandirect.fr/bio-ecolo/boissons-bio/boisson-riz/id1/455/26485"><img src="http://www.refonte.auchandirect.fr/static/images/products/line/26485.jpg" alt="" class="produit "/></a><div class="picto"><span class="invisible"></span></div><div class="boutons-produit"><a class="bt-produit-ajout-panier disable" title="Bientôt disponible" href="javascript:void(0)">Bientôt disponible</a><a id="addProductToShoppingList_195" onclick="javascript:Tapestry.waitForPage(event);" title="Ajouter à ma liste" class="bt-produit-ajout-liste" href="http://www.refonte.auchandirect.fr/rayon.productgridorlist.productlist_1.thumbnailproduct_0.addproducttoshoppinglist/26485?t:ac=484">Ajouter à ma liste</a></div><div class="infos-produit-1"><div class="prix-actuel"><span>2.43€</span></div></div><div class="infos-produit-2"><a title="Voir le produit" href="http://www.refonte.auchandirect.fr/bio-ecolo/boissons-bio/boisson-riz/id1/455/26485"><h2>BJORG</h2><h4>Boisson riz</h4><h4>Nature</h4><p>
1 l
<br/>
2.43€/l
</p></a></div><div class="mini_picto_bas"><img src="http://www.refonte.auchandirect.fr/static/images/DLC-garantie-30j_small.jpg"/><img src="http://www.refonte.auchandirect.fr/static/images/AB_small.jpg"/></div></div></div></td><td><!-- PL : ici --><div class="bloc-produit  bientot-dispo"><div class="bloc-produit-content"><a title="Voir le produit" href="http://www.refonte.auchandirect.fr/bio-ecolo/boissons-bio/boisson-soja-bio/id1/455/8163"><img src="http://www.refonte.auchandirect.fr/static/images/products/line/8163.jpg" alt="" class="produit "/></a><div class="picto"><span class="invisible"></span></div><div class="boutons-produit"><a class="bt-produit-ajout-panier disable" title="Bientôt disponible" href="javascript:void(0)">Bientôt disponible</a><a id="addProductToShoppingList_196" onclick="javascript:Tapestry.waitForPage(event);" title="Ajouter à ma liste" class="bt-produit-ajout-liste" href="http://www.refonte.auchandirect.fr/rayon.productgridorlist.productlist_1.thumbnailproduct_0.addproducttoshoppinglist/8163?t:ac=484">Ajouter à ma liste</a></div><div class="infos-produit-1"><div class="prix-actuel"><span>2.00€</span></div></div><div class="infos-produit-2"><a title="Voir le produit" href="http://www.refonte.auchandirect.fr/bio-ecolo/boissons-bio/boisson-soja-bio/id1/455/8163"><h2>BJORG</h2><h4>Boisson soja Bio</h4><h4>Douceur calcium</h4><p>
1 l
<br/>
2.00€/l
</p></a></div><div class="mini_picto_bas"><img src="http://www.refonte.auchandirect.fr/static/images/DLC-garantie-30j_small.jpg"/><img src="http://www.refonte.auchandirect.fr/static/images/AB_small.jpg"/></div></div></div></td></tr><tr><td><!-- PL : ici --><div class="bloc-produit "><div class="bloc-produit-content"><a title="Voir le produit" href="http://www.refonte.auchandirect.fr/bio-ecolo/boissons-bio/boisson-soja-bio/id1/455/1299"><img src="http://www.refonte.auchandirect.fr/static/images/products/line/1299.jpg" alt="" class="produit "/></a><div class="picto"><span class="invisible"></span></div><div class="boutons-produit"><a id="addProductToBasket_131" onclick="javascript:Tapestry.waitForPage(event);" title="Ajouter au panier" class="bt-produit-ajout-panier" href="http://www.refonte.auchandirect.fr/rayon.productgridorlist.productlist_1.thumbnailproduct_0.addproducttobasket/1299?t:ac=484">Ajouter au panier</a><a id="addProductToShoppingList_197" onclick="javascript:Tapestry.waitForPage(event);" title="Ajouter à ma liste" class="bt-produit-ajout-liste" href="http://www.refonte.auchandirect.fr/rayon.productgridorlist.productlist_1.thumbnailproduct_0.addproducttoshoppinglist/1299?t:ac=484">Ajouter à ma liste</a></div><div class="infos-produit-1"><div class="prix-actuel"><span>1.85€</span></div></div><div class="infos-produit-2"><a title="Voir le produit" href="http://www.refonte.auchandirect.fr/bio-ecolo/boissons-bio/boisson-soja-bio/id1/455/1299"><h2>BJORG</h2><h4>Boisson soja bio</h4><h4>Nature</h4><p>
1 l
<br/>
1.85€/l
</p></a></div><div class="mini_picto_bas"><img src="http://www.refonte.auchandirect.fr/static/images/DLC-garantie-30j_small.jpg"/><img src="http://www.refonte.auchandirect.fr/static/images/AB_small.jpg"/></div></div></div></td><td><!-- PL : ici --><div class="bloc-produit "><div class="bloc-produit-content"><a title="Voir le produit" href="http://www.refonte.auchandirect.fr/bébé/laits-bébé/croissance-au-chocolat-(de-10-mois-à-3-ans)/id1/487/13865"><img src="http://www.refonte.auchandirect.fr/static/images/products/line/13865.jpg" alt="" class="produit "/></a><div class="picto"><span class="invisible"></span></div><div class="boutons-produit"><a id="addProductToBasket_132" onclick="javascript:Tapestry.waitForPage(event);" title="Ajouter au panier" class="bt-produit-ajout-panier" href="http://www.refonte.auchandirect.fr/rayon.productgridorlist.productlist_1.thumbnailproduct_0.addproducttobasket/13865?t:ac=484">Ajouter au panier</a><a id="addProductToShoppingList_198" onclick="javascript:Tapestry.waitForPage(event);" title="Ajouter à ma liste" class="bt-produit-ajout-liste" href="http://www.refonte.auchandirect.fr/rayon.productgridorlist.productlist_1.thumbnailproduct_0.addproducttoshoppinglist/13865?t:ac=484">Ajouter à ma liste</a></div><div class="infos-produit-1"><div class="prix-actuel"><span>5.55€</span></div></div><div class="infos-produit-2"><a title="Voir le produit" href="http://www.refonte.auchandirect.fr/bébé/laits-bébé/croissance-au-chocolat-(de-10-mois-à-3-ans)/id1/487/13865"><h2>BLEDINA</h2><h4>Croissance au chocolat (de 10 mois à 3 ans)</h4><h4>Blédilait</h4><p>
4 x 500 ml
<br/>
2.78€/l
</p></a></div><div class="mini_picto_bas"><img src="http://www.refonte.auchandirect.fr/static/images/DLC-garantie-30j_small.jpg"/></div></div></div></td><td><!-- PL : ici --><div class="bloc-produit  bientot-dispo"><div class="bloc-produit-content"><a title="Voir le produit" href="http://www.refonte.auchandirect.fr/bébé/laits-bébé/croissance-(10-mois-à-3-ans)/id1/487/2636"><img src="http://www.refonte.auchandirect.fr/static/images/products/line/2636.jpg" alt="" class="produit "/></a><div class="picto"><span class="invisible"></span></div><div class="boutons-produit"><a class="bt-produit-ajout-panier disable" title="Bientôt disponible" href="javascript:void(0)">Bientôt disponible</a><a id="addProductToShoppingList_199" onclick="javascript:Tapestry.waitForPage(event);" title="Ajouter à ma liste" class="bt-produit-ajout-liste" href="http://www.refonte.auchandirect.fr/rayon.productgridorlist.productlist_1.thumbnailproduct_0.addproducttoshoppinglist/2636?t:ac=484">Ajouter à ma liste</a></div><div class="infos-produit-1"><div class="prix-actuel"><span>4.94€</span></div></div><div class="infos-produit-2"><a title="Voir le produit" href="http://www.refonte.auchandirect.fr/bébé/laits-bébé/croissance-(10-mois-à-3-ans)/id1/487/2636"><h2>BLEDINA</h2><h4>Croissance (10 mois à 3 ans)</h4><h4>Blédilait</h4><p>
4 x 500 ml
<br/>
2.47€/l
</p></a></div><div class="mini_picto_bas"><img src="http://www.refonte.auchandirect.fr/static/images/DLC-garantie-30j_small.jpg"/></div></div></div></td></tr><tr><td><!-- PL : ici --><div class="bloc-produit "><div class="bloc-produit-content"><a title="Voir le produit" href="http://www.refonte.auchandirect.fr/petit-déjeuner-epicerie-sucrée/biscuits,-goûters/biscuits-nappés-cacao/id1/483/7454"><img src="http://www.refonte.auchandirect.fr/static/images/products/line/7454.jpg" alt="" class="produit "/></a><div class="picto"><span class="invisible"></span></div><div class="boutons-produit"><a id="addProductToBasket_133" onclick="javascript:Tapestry.waitForPage(event);" title="Ajouter au panier" class="bt-produit-ajout-panier" href="http://www.refonte.auchandirect.fr/rayon.productgridorlist.productlist_1.thumbnailproduct_0.addproducttobasket/7454?t:ac=484">Ajouter au panier</a><a id="addProductToShoppingList_200" onclick="javascript:Tapestry.waitForPage(event);" title="Ajouter à ma liste" class="bt-produit-ajout-liste" href="http://www.refonte.auchandirect.fr/rayon.productgridorlist.productlist_1.thumbnailproduct_0.addproducttoshoppinglist/7454?t:ac=484">Ajouter à ma liste</a></div><div class="infos-produit-1"><div class="prix-actuel"><span>2.21€</span></div></div><div class="infos-produit-2"><a title="Voir le produit" href="http://www.refonte.auchandirect.fr/petit-déjeuner-epicerie-sucrée/biscuits,-goûters/biscuits-nappés-cacao/id1/483/7454"><h2>BN</h2><h4>Biscuits nappés cacao</h4><h4>Petit déjeuner</h4><p>
250 g
<br/>
8.84€/kg
</p></a></div><div class="mini_picto_bas"><img src="http://www.refonte.auchandirect.fr/static/images/DLC-garantie-30j_small.jpg"/></div></div></div></td><td><!-- PL : ici --><div class="bloc-produit "><div class="bloc-produit-content"><a title="Voir le produit" href="http://www.refonte.auchandirect.fr/petit-déjeuner-epicerie-sucrée/petit-déjeuner/marmelade-de-fruits/id1/484/100235"><img src="http://www.refonte.auchandirect.fr/static/images/products/line/100235.jpg" alt="" class="produit "/></a><div class="picto"><span class="invisible"></span></div><div class="boutons-produit"><a id="addProductToBasket_134" onclick="javascript:Tapestry.waitForPage(event);" title="Ajouter au panier" class="bt-produit-ajout-panier" href="http://www.refonte.auchandirect.fr/rayon.productgridorlist.productlist_1.thumbnailproduct_0.addproducttobasket/100235?t:ac=484">Ajouter au panier</a><a id="addProductToShoppingList_201" onclick="javascript:Tapestry.waitForPage(event);" title="Ajouter à ma liste" class="bt-produit-ajout-liste" href="http://www.refonte.auchandirect.fr/rayon.productgridorlist.productlist_1.thumbnailproduct_0.addproducttoshoppinglist/100235?t:ac=484">Ajouter à ma liste</a></div><div class="infos-produit-1"><div class="prix-actuel"><span>1.46€</span></div></div><div class="infos-produit-2"><a title="Voir le produit" href="http://www.refonte.auchandirect.fr/petit-déjeuner-epicerie-sucrée/petit-déjeuner/marmelade-de-fruits/id1/484/100235"><h2>BONNE MAMAN</h2><h4>Marmelade de fruits</h4><h4>Orange amère</h4><p>
370 g
<br/>
3.95€/kg
</p></a></div><div class="mini_picto_bas"><img src="http://www.refonte.auchandirect.fr/static/images/DLC-garantie-30j_small.jpg"/></div></div></div></td><td><!-- PL : ici --><div class="bloc-produit "><div class="bloc-produit-content"><a title="Voir le produit" href="http://www.refonte.auchandirect.fr/petit-déjeuner-epicerie-sucrée/petit-déjeuner/confiture-de-fruits/id1/484/100639"><img src="http://www.refonte.auchandirect.fr/static/images/products/line/100639.jpg" alt="" class="produit "/></a><div class="picto"><span class="invisible"></span></div><div class="boutons-produit"><a id="addProductToBasket_135" onclick="javascript:Tapestry.waitForPage(event);" title="Ajouter au panier" class="bt-produit-ajout-panier" href="http://www.refonte.auchandirect.fr/rayon.productgridorlist.productlist_1.thumbnailproduct_0.addproducttobasket/100639?t:ac=484">Ajouter au panier</a><a id="addProductToShoppingList_202" onclick="javascript:Tapestry.waitForPage(event);" title="Ajouter à ma liste" class="bt-produit-ajout-liste" href="http://www.refonte.auchandirect.fr/rayon.productgridorlist.productlist_1.thumbnailproduct_0.addproducttoshoppinglist/100639?t:ac=484">Ajouter à ma liste</a></div><div class="infos-produit-1"><div class="prix-actuel"><span>1.71€</span></div></div><div class="infos-produit-2"><a title="Voir le produit" href="http://www.refonte.auchandirect.fr/petit-déjeuner-epicerie-sucrée/petit-déjeuner/confiture-de-fruits/id1/484/100639"><h2>BONNE MAMAN</h2><h4>Confiture de fruits</h4><h4>Pêches</h4><p>
370 g
<br/>
4.62€/kg
</p></a></div><div class="mini_picto_bas"><img src="http://www.refonte.auchandirect.fr/static/images/DLC-garantie-30j_small.jpg"/></div></div></div></td></tr><tr><td><!-- PL : ici --><div class="bloc-produit "><div class="bloc-produit-content"><a title="Voir le produit" href="http://www.refonte.auchandirect.fr/petit-déjeuner-epicerie-sucrée/petit-déjeuner/confiture-de-fruits/id1/484/100641"><img src="http://www.refonte.auchandirect.fr/static/images/products/line/100641.jpg" alt="" class="produit "/></a><div class="picto"><span class="invisible"></span></div><div class="boutons-produit"><a id="addProductToBasket_136" onclick="javascript:Tapestry.waitForPage(event);" title="Ajouter au panier" class="bt-produit-ajout-panier" href="http://www.refonte.auchandirect.fr/rayon.productgridorlist.productlist_1.thumbnailproduct_0.addproducttobasket/100641?t:ac=484">Ajouter au panier</a><a id="addProductToShoppingList_203" onclick="javascript:Tapestry.waitForPage(event);" title="Ajouter à ma liste" class="bt-produit-ajout-liste" href="http://www.refonte.auchandirect.fr/rayon.productgridorlist.productlist_1.thumbnailproduct_0.addproducttoshoppinglist/100641?t:ac=484">Ajouter à ma liste</a></div><div class="infos-produit-1"><div class="prix-actuel"><span>1.35€</span></div></div><div class="infos-produit-2"><a title="Voir le produit" href="http://www.refonte.auchandirect.fr/petit-déjeuner-epicerie-sucrée/petit-déjeuner/confiture-de-fruits/id1/484/100641"><h2>BONNE MAMAN</h2><h4>Confiture de fruits</h4><h4>Abricot</h4><p>
370 g
<br/>
3.65€/kg
</p></a></div><div class="mini_picto_bas"><img src="http://www.refonte.auchandirect.fr/static/images/DLC-garantie-30j_small.jpg"/></div></div></div></td><td><!-- PL : ici --><div class="bloc-produit  bientot-dispo"><div class="bloc-produit-content"><a title="Voir le produit" href="http://www.refonte.auchandirect.fr/petit-déjeuner-epicerie-sucrée/petit-déjeuner/gelée-de-fruits/id1/484/100766"><img src="http://www.refonte.auchandirect.fr/static/images/products/line/100766.jpg" alt="" class="produit "/></a><div class="picto"><span class="invisible"></span></div><div class="boutons-produit"><a class="bt-produit-ajout-panier disable" title="Bientôt disponible" href="javascript:void(0)">Bientôt disponible</a><a id="addProductToShoppingList_204" onclick="javascript:Tapestry.waitForPage(event);" title="Ajouter à ma liste" class="bt-produit-ajout-liste" href="http://www.refonte.auchandirect.fr/rayon.productgridorlist.productlist_1.thumbnailproduct_0.addproducttoshoppinglist/100766?t:ac=484">Ajouter à ma liste</a></div><div class="infos-produit-1"><div class="prix-actuel"><span>1.59€</span></div></div><div class="infos-produit-2"><a title="Voir le produit" href="http://www.refonte.auchandirect.fr/petit-déjeuner-epicerie-sucrée/petit-déjeuner/gelée-de-fruits/id1/484/100766"><h2>BONNE MAMAN</h2><h4>Gelée de fruits</h4><h4>Coing</h4><p>
370 g
<br/>
4.30€/kg
</p></a></div><div class="mini_picto_bas"><img src="http://www.refonte.auchandirect.fr/static/images/DLC-garantie-30j_small.jpg"/></div></div></div></td><td><!-- PL : ici --><div class="bloc-produit "><div class="bloc-produit-content"><a title="Voir le produit" href="http://www.refonte.auchandirect.fr/petit-déjeuner-epicerie-sucrée/petit-déjeuner/confiture-de-fruits/id1/484/100344"><img src="http://www.refonte.auchandirect.fr/static/images/products/line/100344.jpg" alt="" class="produit "/></a><div class="picto"><span class="invisible"></span></div><div class="boutons-produit"><a id="addProductToBasket_137" onclick="javascript:Tapestry.waitForPage(event);" title="Ajouter au panier" class="bt-produit-ajout-panier" href="http://www.refonte.auchandirect.fr/rayon.productgridorlist.productlist_1.thumbnailproduct_0.addproducttobasket/100344?t:ac=484">Ajouter au panier</a><a id="addProductToShoppingList_205" onclick="javascript:Tapestry.waitForPage(event);" title="Ajouter à ma liste" class="bt-produit-ajout-liste" href="http://www.refonte.auchandirect.fr/rayon.productgridorlist.productlist_1.thumbnailproduct_0.addproducttoshoppinglist/100344?t:ac=484">Ajouter à ma liste</a></div><div class="infos-produit-1"><div class="prix-actuel"><span>1.65€</span></div></div><div class="infos-produit-2"><a title="Voir le produit" href="http://www.refonte.auchandirect.fr/petit-déjeuner-epicerie-sucrée/petit-déjeuner/confiture-de-fruits/id1/484/100344"><h2>BONNE MAMAN</h2><h4>Confiture de fruits</h4><h4>Rhubarbe</h4><p>
370 g
<br/>
4.46€/kg
</p></a></div><div class="mini_picto_bas"><img src="http://www.refonte.auchandirect.fr/static/images/DLC-garantie-30j_small.jpg"/></div></div></div></td></tr><tr><td><!-- PL : ici --><div class="bloc-produit "><div class="bloc-produit-content"><a title="Voir le produit" href="http://www.refonte.auchandirect.fr/petit-déjeuner-epicerie-sucrée/petit-déjeuner/confiture-de-fruits/id1/484/39308"><img src="http://www.refonte.auchandirect.fr/static/images/products/line/39308.jpg" alt="" class="produit "/></a><div class="picto"><span class="invisible"></span></div><div class="boutons-produit"><a id="addProductToBasket_138" onclick="javascript:Tapestry.waitForPage(event);" title="Ajouter au panier" class="bt-produit-ajout-panier" href="http://www.refonte.auchandirect.fr/rayon.productgridorlist.productlist_1.thumbnailproduct_0.addproducttobasket/39308?t:ac=484">Ajouter au panier</a><a id="addProductToShoppingList_206" onclick="javascript:Tapestry.waitForPage(event);" title="Ajouter à ma liste" class="bt-produit-ajout-liste" href="http://www.refonte.auchandirect.fr/rayon.productgridorlist.productlist_1.thumbnailproduct_0.addproducttoshoppinglist/39308?t:ac=484">Ajouter à ma liste</a></div><div class="infos-produit-1"><div class="prix-actuel"><span>2.02€</span></div></div><div class="infos-produit-2"><a title="Voir le produit" href="http://www.refonte.auchandirect.fr/petit-déjeuner-epicerie-sucrée/petit-déjeuner/confiture-de-fruits/id1/484/39308"><h2>BONNE MAMAN</h2><h4>Confiture de fruits</h4><h4>4 Fruits</h4><p>
370 g
<br/>
5.46€/kg
</p></a></div><div class="mini_picto_bas"><img src="http://www.refonte.auchandirect.fr/static/images/DLC-garantie-30j_small.jpg"/></div></div></div></td><td><!-- PL : ici --><div class="bloc-produit "><div class="bloc-produit-content"><a title="Voir le produit" href="http://www.refonte.auchandirect.fr/petit-déjeuner-epicerie-sucrée/petit-déjeuner/confiture-de-fruits/id1/484/100640"><img src="http://www.refonte.auchandirect.fr/static/images/products/line/100640.jpg" alt="" class="produit "/></a><div class="picto"><span class="invisible"></span></div><div class="boutons-produit"><a id="addProductToBasket_139" onclick="javascript:Tapestry.waitForPage(event);" title="Ajouter au panier" class="bt-produit-ajout-panier" href="http://www.refonte.auchandirect.fr/rayon.productgridorlist.productlist_1.thumbnailproduct_0.addproducttobasket/100640?t:ac=484">Ajouter au panier</a><a id="addProductToShoppingList_207" onclick="javascript:Tapestry.waitForPage(event);" title="Ajouter à ma liste" class="bt-produit-ajout-liste" href="http://www.refonte.auchandirect.fr/rayon.productgridorlist.productlist_1.thumbnailproduct_0.addproducttoshoppinglist/100640?t:ac=484">Ajouter à ma liste</a></div><div class="infos-produit-1"><div class="prix-actuel"><span>2.58€</span></div></div><div class="infos-produit-2"><a title="Voir le produit" href="http://www.refonte.auchandirect.fr/petit-déjeuner-epicerie-sucrée/petit-déjeuner/confiture-de-fruits/id1/484/100640"><h2>BONNE MAMAN</h2><h4>Confiture de fruits</h4><h4>Framboise</h4><p>
370 g
<br/>
6.97€/kg
</p></a></div><div class="mini_picto_bas"><img src="http://www.refonte.auchandirect.fr/static/images/DLC-garantie-30j_small.jpg"/></div></div></div></td><td><!-- PL : ici --><div class="bloc-produit  bientot-dispo"><div class="bloc-produit-content"><a title="Voir le produit" href="http://www.refonte.auchandirect.fr/petit-déjeuner-epicerie-sucrée/petit-déjeuner/confiture-de-fruits/id1/484/1974"><img src="http://www.refonte.auchandirect.fr/static/images/products/line/1974.jpg" alt="" class="produit "/></a><div class="picto"><span class="invisible"></span></div><div class="boutons-produit"><a class="bt-produit-ajout-panier disable" title="Bientôt disponible" href="javascript:void(0)">Bientôt disponible</a><a id="addProductToShoppingList_208" onclick="javascript:Tapestry.waitForPage(event);" title="Ajouter à ma liste" class="bt-produit-ajout-liste" href="http://www.refonte.auchandirect.fr/rayon.productgridorlist.productlist_1.thumbnailproduct_0.addproducttoshoppinglist/1974?t:ac=484">Ajouter à ma liste</a></div><div class="infos-produit-1"><div class="prix-actuel"><span>2.33€</span></div></div><div class="infos-produit-2"><a title="Voir le produit" href="http://www.refonte.auchandirect.fr/petit-déjeuner-epicerie-sucrée/petit-déjeuner/confiture-de-fruits/id1/484/1974"><h2>BONNE MAMAN</h2><h4>Confiture de fruits</h4><h4>Fruits des bois</h4><p>
370 g
<br/>
6.30€/kg
</p></a></div><div class="mini_picto_bas"><img src="http://www.refonte.auchandirect.fr/static/images/DLC-garantie-30j_small.jpg"/></div></div></div></td></tr><tr><td><!-- PL : ici --><div class="bloc-produit "><div class="bloc-produit-content"><a title="Voir le produit" href="http://www.refonte.auchandirect.fr/petit-déjeuner-epicerie-sucrée/petit-déjeuner/confiture-de-fruits/id1/484/100642"><img src="http://www.refonte.auchandirect.fr/static/images/products/line/100642.jpg" alt="" class="produit "/></a><div class="picto"><span class="invisible"></span></div><div class="boutons-produit"><a id="addProductToBasket_140" onclick="javascript:Tapestry.waitForPage(event);" title="Ajouter au panier" class="bt-produit-ajout-panier" href="http://www.refonte.auchandirect.fr/rayon.productgridorlist.productlist_1.thumbnailproduct_0.addproducttobasket/100642?t:ac=484">Ajouter au panier</a><a id="addProductToShoppingList_209" onclick="javascript:Tapestry.waitForPage(event);" title="Ajouter à ma liste" class="bt-produit-ajout-liste" href="http://www.refonte.auchandirect.fr/rayon.productgridorlist.productlist_1.thumbnailproduct_0.addproducttoshoppinglist/100642?t:ac=484">Ajouter à ma liste</a></div><div class="infos-produit-1"><div class="prix-actuel"><span>1.69€</span></div></div><div class="infos-produit-2"><a title="Voir le produit" href="http://www.refonte.auchandirect.fr/petit-déjeuner-epicerie-sucrée/petit-déjeuner/confiture-de-fruits/id1/484/100642"><h2>BONNE MAMAN</h2><h4>Confiture de fruits</h4><h4>Fraise</h4><p>
370 g
<br/>
4.57€/kg
</p></a></div><div class="mini_picto_bas"><img src="http://www.refonte.auchandirect.fr/static/images/DLC-garantie-30j_small.jpg"/></div></div></div></td><td><!-- PL : ici --><div class="bloc-produit "><div class="bloc-produit-content"><a title="Voir le produit" href="http://www.refonte.auchandirect.fr/petit-déjeuner-epicerie-sucrée/petit-déjeuner/assortiments-de-5-petits-pots-de-confitures/id1/484/60043"><img src="http://www.refonte.auchandirect.fr/static/images/products/line/60043.jpg" alt="" class="produit "/></a><div class="picto"><span class="invisible"></span></div><div class="boutons-produit"><a id="addProductToBasket_141" onclick="javascript:Tapestry.waitForPage(event);" title="Ajouter au panier" class="bt-produit-ajout-panier" href="http://www.refonte.auchandirect.fr/rayon.productgridorlist.productlist_1.thumbnailproduct_0.addproducttobasket/60043?t:ac=484">Ajouter au panier</a><a id="addProductToShoppingList_210" onclick="javascript:Tapestry.waitForPage(event);" title="Ajouter à ma liste" class="bt-produit-ajout-liste" href="http://www.refonte.auchandirect.fr/rayon.productgridorlist.productlist_1.thumbnailproduct_0.addproducttoshoppinglist/60043?t:ac=484">Ajouter à ma liste</a></div><div class="infos-produit-1"><div class="prix-actuel"><span>3.06€</span></div></div><div class="infos-produit-2"><a title="Voir le produit" href="http://www.refonte.auchandirect.fr/petit-déjeuner-epicerie-sucrée/petit-déjeuner/assortiments-de-5-petits-pots-de-confitures/id1/484/60043"><h2>BONNE MAMAN</h2><h4>Assortiments de 5 petits pots de confitures</h4><h4></h4><p>
5 x 50 g
<br/>
12.24€/kg
</p></a></div><div class="mini_picto_bas"><img src="http://www.refonte.auchandirect.fr/static/images/DLC-garantie-30j_small.jpg"/></div></div></div></td><td><!-- PL : ici --><div class="bloc-produit "><div class="bloc-produit-content"><a title="Voir le produit" href="http://www.refonte.auchandirect.fr/petit-déjeuner-epicerie-sucrée/petit-déjeuner/gelée-de-fruits/id1/484/1975"><img src="http://www.refonte.auchandirect.fr/static/images/products/line/1975.jpg" alt="" class="produit "/></a><div class="picto"><span class="invisible"></span></div><div class="boutons-produit"><a id="addProductToBasket_142" onclick="javascript:Tapestry.waitForPage(event);" title="Ajouter au panier" class="bt-produit-ajout-panier" href="http://www.refonte.auchandirect.fr/rayon.productgridorlist.productlist_1.thumbnailproduct_0.addproducttobasket/1975?t:ac=484">Ajouter au panier</a><a id="addProductToShoppingList_211" onclick="javascript:Tapestry.waitForPage(event);" title="Ajouter à ma liste" class="bt-produit-ajout-liste" href="http://www.refonte.auchandirect.fr/rayon.productgridorlist.productlist_1.thumbnailproduct_0.addproducttoshoppinglist/1975?t:ac=484">Ajouter à ma liste</a></div><div class="infos-produit-1"><div class="prix-actuel"><span>2.68€</span></div></div><div class="infos-produit-2"><a title="Voir le produit" href="http://www.refonte.auchandirect.fr/petit-déjeuner-epicerie-sucrée/petit-déjeuner/gelée-de-fruits/id1/484/1975"><h2>BONNE MAMAN</h2><h4>Gelée de fruits</h4><h4>Framboises</h4><p>
370 g
<br/>
7.24€/kg
</p></a></div><div class="mini_picto_bas"><img src="http://www.refonte.auchandirect.fr/static/images/DLC-garantie-30j_small.jpg"/></div></div></div></td></tr><tr><td><!-- PL : ici --><div class="bloc-produit "><div class="bloc-produit-content"><a title="Voir le produit" href="http://www.refonte.auchandirect.fr/petit-déjeuner-epicerie-sucrée/petit-déjeuner/confiture-de-fruits/id1/484/4676"><img src="http://www.refonte.auchandirect.fr/static/images/products/line/4676.jpg" alt="" class="produit "/></a><div class="picto"><span class="invisible"></span></div><div class="boutons-produit"><a id="addProductToBasket_143" onclick="javascript:Tapestry.waitForPage(event);" title="Ajouter au panier" class="bt-produit-ajout-panier" href="http://www.refonte.auchandirect.fr/rayon.productgridorlist.productlist_1.thumbnailproduct_0.addproducttobasket/4676?t:ac=484">Ajouter au panier</a><a id="addProductToShoppingList_212" onclick="javascript:Tapestry.waitForPage(event);" title="Ajouter à ma liste" class="bt-produit-ajout-liste" href="http://www.refonte.auchandirect.fr/rayon.productgridorlist.productlist_1.thumbnailproduct_0.addproducttoshoppinglist/4676?t:ac=484">Ajouter à ma liste</a></div><div class="infos-produit-1"><div class="prix-actuel"><span>2.49€</span></div></div><div class="infos-produit-2"><a title="Voir le produit" href="http://www.refonte.auchandirect.fr/petit-déjeuner-epicerie-sucrée/petit-déjeuner/confiture-de-fruits/id1/484/4676"><h2>BONNE MAMAN</h2><h4>Confiture de fruits</h4><h4>Cerises griottes</h4><p>
370 g
<br/>
6.73€/kg
</p></a></div><div class="mini_picto_bas"><img src="http://www.refonte.auchandirect.fr/static/images/DLC-garantie-30j_small.jpg"/></div></div></div></td><td><!-- PL : ici --><div class="bloc-produit "><div class="bloc-produit-content"><a title="Voir le produit" href="http://www.refonte.auchandirect.fr/petit-déjeuner-epicerie-sucrée/petit-déjeuner/gelée-de-fruits/id1/484/6466"><img src="http://www.refonte.auchandirect.fr/static/images/products/line/6466.jpg" alt="" class="produit "/></a><div class="picto"><span class="invisible"></span></div><div class="boutons-produit"><a id="addProductToBasket_144" onclick="javascript:Tapestry.waitForPage(event);" title="Ajouter au panier" class="bt-produit-ajout-panier" href="http://www.refonte.auchandirect.fr/rayon.productgridorlist.productlist_1.thumbnailproduct_0.addproducttobasket/6466?t:ac=484">Ajouter au panier</a><a id="addProductToShoppingList_213" onclick="javascript:Tapestry.waitForPage(event);" title="Ajouter à ma liste" class="bt-produit-ajout-liste" href="http://www.refonte.auchandirect.fr/rayon.productgridorlist.productlist_1.thumbnailproduct_0.addproducttoshoppinglist/6466?t:ac=484">Ajouter à ma liste</a></div><div class="infos-produit-1"><div class="prix-actuel"><span>1.69€</span></div></div><div class="infos-produit-2"><a title="Voir le produit" href="http://www.refonte.auchandirect.fr/petit-déjeuner-epicerie-sucrée/petit-déjeuner/gelée-de-fruits/id1/484/6466"><h2>BONNE MAMAN</h2><h4>Gelée de fruits</h4><h4>Groseille</h4><p>
370 g
<br/>
4.57€/kg
</p></a></div><div class="mini_picto_bas"><img src="http://www.refonte.auchandirect.fr/static/images/DLC-garantie-30j_small.jpg"/></div></div></div></td><td><!-- PL : ici --><div class="bloc-produit "><div class="bloc-produit-content"><a title="Voir le produit" href="http://www.refonte.auchandirect.fr/petit-déjeuner-epicerie-sucrée/petit-déjeuner/confiture-de-fruits/id1/484/1976"><img src="http://www.refonte.auchandirect.fr/static/images/products/line/1976.jpg" alt="" class="produit "/></a><div class="picto"><span class="invisible"></span></div><div class="boutons-produit"><a id="addProductToBasket_145" onclick="javascript:Tapestry.waitForPage(event);" title="Ajouter au panier" class="bt-produit-ajout-panier" href="http://www.refonte.auchandirect.fr/rayon.productgridorlist.productlist_1.thumbnailproduct_0.addproducttobasket/1976?t:ac=484">Ajouter au panier</a><a id="addProductToShoppingList_214" onclick="javascript:Tapestry.waitForPage(event);" title="Ajouter à ma liste" class="bt-produit-ajout-liste" href="http://www.refonte.auchandirect.fr/rayon.productgridorlist.productlist_1.thumbnailproduct_0.addproducttoshoppinglist/1976?t:ac=484">Ajouter à ma liste</a></div><div class="infos-produit-1"><div class="prix-actuel"><span>2.45€</span></div></div><div class="infos-produit-2"><a title="Voir le produit" href="http://www.refonte.auchandirect.fr/petit-déjeuner-epicerie-sucrée/petit-déjeuner/confiture-de-fruits/id1/484/1976"><h2>BONNE MAMAN</h2><h4>Confiture de fruits</h4><h4>Myrtille</h4><p>
370 g
<br/>
6.62€/kg
</p></a></div><div class="mini_picto_bas"><img src="http://www.refonte.auchandirect.fr/static/images/DLC-garantie-30j_small.jpg"/></div></div></div></td></tr><tr><td><!-- PL : ici --><div class="bloc-produit  bientot-dispo"><div class="bloc-produit-content"><a title="Voir le produit" href="http://www.refonte.auchandirect.fr/petit-déjeuner-epicerie-sucrée/petit-déjeuner/confiture-de-châtaignes-vanille/id1/484/100976"><img src="http://www.refonte.auchandirect.fr/static/images/products/line/100976.jpg" alt="" class="produit "/></a><div class="picto"><span class="invisible"></span></div><div class="boutons-produit"><a class="bt-produit-ajout-panier disable" title="Bientôt disponible" href="javascript:void(0)">Bientôt disponible</a><a id="addProductToShoppingList_215" onclick="javascript:Tapestry.waitForPage(event);" title="Ajouter à ma liste" class="bt-produit-ajout-liste" href="http://www.refonte.auchandirect.fr/rayon.productgridorlist.productlist_1.thumbnailproduct_0.addproducttoshoppinglist/100976?t:ac=484">Ajouter à ma liste</a></div><div class="infos-produit-1"><div class="prix-actuel"><span>1.73€</span></div></div><div class="infos-produit-2"><a title="Voir le produit" href="http://www.refonte.auchandirect.fr/petit-déjeuner-epicerie-sucrée/petit-déjeuner/confiture-de-châtaignes-vanille/id1/484/100976"><h2>BONNE MAMAN</h2><h4>Confiture de châtaignes vanille</h4><h4></h4><p>
370 g
<br/>
4.68€/kg
</p></a></div><div class="mini_picto_bas"><img src="http://www.refonte.auchandirect.fr/static/images/DLC-garantie-30j_small.jpg"/></div></div></div></td><td><!-- PL : ici --><div class="bloc-produit  bientot-dispo"><div class="bloc-produit-content"><a title="Voir le produit" href="http://www.refonte.auchandirect.fr/petit-déjeuner-epicerie-sucrée/petit-déjeuner/cartouches-pour-carafes-brita/id1/484/59901"><img src="http://www.refonte.auchandirect.fr/static/images/products/line/59901.jpg" alt="" class="produit "/></a><div class="picto"><span class="invisible"></span></div><div class="boutons-produit"><a class="bt-produit-ajout-panier disable" title="Bientôt disponible" href="javascript:void(0)">Bientôt disponible</a><a id="addProductToShoppingList_216" onclick="javascript:Tapestry.waitForPage(event);" title="Ajouter à ma liste" class="bt-produit-ajout-liste" href="http://www.refonte.auchandirect.fr/rayon.productgridorlist.productlist_1.thumbnailproduct_0.addproducttoshoppinglist/59901?t:ac=484">Ajouter à ma liste</a></div><div class="infos-produit-1"><div class="prix-actuel"><span>22.93€</span></div></div><div class="infos-produit-2"><a title="Voir le produit" href="http://www.refonte.auchandirect.fr/petit-déjeuner-epicerie-sucrée/petit-déjeuner/cartouches-pour-carafes-brita/id1/484/59901"><h2>BRITA</h2><h4>Cartouches pour carafes Brita</h4><h4>Maxtra</h4><p>
3 pièces
<br/>
7.64€/pièce
</p></a></div><div class="mini_picto_bas"></div></div></div></td><td><!-- PL : ici --><div class="bloc-produit  bientot-dispo"><div class="bloc-produit-content"><a title="Voir le produit" href="http://www.refonte.auchandirect.fr/petit-déjeuner-epicerie-sucrée/petit-déjeuner/boisson-lactée/id1/484/12106"><img src="http://www.refonte.auchandirect.fr/static/images/products/line/12106.jpg" alt="" class="produit "/></a><div class="picto"><span class="invisible"></span></div><div class="boutons-produit"><a class="bt-produit-ajout-panier disable" title="Bientôt disponible" href="javascript:void(0)">Bientôt disponible</a><a id="addProductToShoppingList_217" onclick="javascript:Tapestry.waitForPage(event);" title="Ajouter à ma liste" class="bt-produit-ajout-liste" href="http://www.refonte.auchandirect.fr/rayon.productgridorlist.productlist_1.thumbnailproduct_0.addproducttoshoppinglist/12106?t:ac=484">Ajouter à ma liste</a></div><div class="infos-produit-1"><div class="prix-actuel"><span>4.80€</span></div></div><div class="infos-produit-2"><a title="Voir le produit" href="http://www.refonte.auchandirect.fr/petit-déjeuner-epicerie-sucrée/petit-déjeuner/boisson-lactée/id1/484/12106"><h2>CACOLAC</h2><h4>Boisson lactée</h4><h4>Cacao</h4><p>
8 x 20 cl
<br/>
3.00€/l
</p></a></div><div class="mini_picto_bas"><img src="http://www.refonte.auchandirect.fr/static/images/DLC-garantie-30j_small.jpg"/></div></div></div></td></tr><tr><td><!-- PL : ici --><div class="bloc-produit "><div class="bloc-produit-content"><a title="Voir le produit" href="http://www.refonte.auchandirect.fr/petit-déjeuner-epicerie-sucrée/petit-déjeuner/viva-lait-vitaminé/id1/484/4728"><img src="http://www.refonte.auchandirect.fr/static/images/products/line/4728.jpg" alt="" class="produit "/></a><div class="picto"><span class="invisible"></span></div><div class="boutons-produit"><a id="addProductToBasket_146" onclick="javascript:Tapestry.waitForPage(event);" title="Ajouter au panier" class="bt-produit-ajout-panier" href="http://www.refonte.auchandirect.fr/rayon.productgridorlist.productlist_1.thumbnailproduct_0.addproducttobasket/4728?t:ac=484">Ajouter au panier</a><a id="addProductToShoppingList_218" onclick="javascript:Tapestry.waitForPage(event);" title="Ajouter à ma liste" class="bt-produit-ajout-liste" href="http://www.refonte.auchandirect.fr/rayon.productgridorlist.productlist_1.thumbnailproduct_0.addproducttoshoppinglist/4728?t:ac=484">Ajouter à ma liste</a></div><div class="infos-produit-1"><div class="prix-actuel"><span>6.72€</span></div></div><div class="infos-produit-2"><a title="Voir le produit" href="http://www.refonte.auchandirect.fr/petit-déjeuner-epicerie-sucrée/petit-déjeuner/viva-lait-vitaminé/id1/484/4728"><h2>CANDIA</h2><h4>Viva lait vitaminé</h4><h4>demi écrémé</h4><p>
6 x 1 l
<br/>
1.12€/l
</p></a></div><div class="mini_picto_bas"><img src="http://www.refonte.auchandirect.fr/static/images/DLC-garantie-30j_small.jpg"/></div></div></div></td><td><!-- PL : ici --><div class="bloc-produit "><div class="bloc-produit-content"><a title="Voir le produit" href="http://www.refonte.auchandirect.fr/petit-déjeuner-epicerie-sucrée/petit-déjeuner/grandlait,-lait-demi-écrémé/id1/484/4726"><img src="http://www.refonte.auchandirect.fr/static/images/products/line/4726.jpg" alt="" class="produit "/></a><div class="picto"><span class="invisible"></span></div><div class="boutons-produit"><a id="addProductToBasket_147" onclick="javascript:Tapestry.waitForPage(event);" title="Ajouter au panier" class="bt-produit-ajout-panier" href="http://www.refonte.auchandirect.fr/rayon.productgridorlist.productlist_1.thumbnailproduct_0.addproducttobasket/4726?t:ac=484">Ajouter au panier</a><a id="addProductToShoppingList_219" onclick="javascript:Tapestry.waitForPage(event);" title="Ajouter à ma liste" class="bt-produit-ajout-liste" href="http://www.refonte.auchandirect.fr/rayon.productgridorlist.productlist_1.thumbnailproduct_0.addproducttoshoppinglist/4726?t:ac=484">Ajouter à ma liste</a></div><div class="infos-produit-1"><div class="prix-actuel"><span>6.80€</span></div></div><div class="infos-produit-2"><a title="Voir le produit" href="http://www.refonte.auchandirect.fr/petit-déjeuner-epicerie-sucrée/petit-déjeuner/grandlait,-lait-demi-écrémé/id1/484/4726"><h2>CANDIA</h2><h4>Grandlait, lait demi écrémé</h4><h4></h4><p>
4 x 1,5 l
<br/>
1.13€/l
</p></a></div><div class="mini_picto_bas"><img src="http://www.refonte.auchandirect.fr/static/images/DLC-garantie-30j_small.jpg"/></div></div></div></td><td><!-- PL : ici --><div class="bloc-produit promotion"><div class="bloc-produit-content"><a title="Voir le produit" href="../grandlait-demi-%25C3%25A9cr%25C3%25A9m%25C3%25A9-bouteille/id1/484/109661.html"><img src="http://www.refonte.auchandirect.fr/static/images/products/line/109661.jpg" alt="" class="produit "/></a><div class="picto"><span class="invisible"></span></div><img src="http://www.refonte.auchandirect.fr/static/images/promo_small.png" class="ruban"/><div class="boutons-produit"><a id="addProductToBasket_148" onclick="javascript:Tapestry.waitForPage(event);" title="Ajouter au panier" class="bt-produit-ajout-panier" href="http://www.refonte.auchandirect.fr/rayon.productgridorlist.productlist_1.thumbnailproduct_0.addproducttobasket/109661?t:ac=484">Ajouter au panier</a><a id="addProductToShoppingList_220" onclick="javascript:Tapestry.waitForPage(event);" title="Ajouter à ma liste" class="bt-produit-ajout-liste" href="http://www.refonte.auchandirect.fr/rayon.productgridorlist.productlist_1.thumbnailproduct_0.addproducttoshoppinglist/109661?t:ac=484">Ajouter à ma liste</a></div><div class="infos-produit-1"><div class="prix-actuel"><span>5.99€</span></div></div><div class="infos-produit-2"><a title="Voir le produit" href="../grandlait-demi-%25C3%25A9cr%25C3%25A9m%25C3%25A9-bouteille/id1/484/109661.html"><h2>CANDIA</h2><h4>Grandlait demi-écrémé bouteille</h4><h4></h4><p>
1.5 l x 6
<br/>
0.80€/pièce
</p></a></div><div class="mini_picto_bas"></div></div></div></td></tr><tr><td><!-- PL : ici --><div class="bloc-produit "><div class="bloc-produit-content"><a title="Voir le produit" href="http://www.refonte.auchandirect.fr/petit-déjeuner-epicerie-sucrée/petit-déjeuner/candy'up-boisson-chocolatée/id1/484/3601"><img src="http://www.refonte.auchandirect.fr/static/images/products/line/3601.jpg" alt="" class="produit "/></a><div class="picto"><span class="invisible"></span></div><div class="boutons-produit"><a id="addProductToBasket_149" onclick="javascript:Tapestry.waitForPage(event);" title="Ajouter au panier" class="bt-produit-ajout-panier" href="http://www.refonte.auchandirect.fr/rayon.productgridorlist.productlist_1.thumbnailproduct_0.addproducttobasket/3601?t:ac=484">Ajouter au panier</a><a id="addProductToShoppingList_221" onclick="javascript:Tapestry.waitForPage(event);" title="Ajouter à ma liste" class="bt-produit-ajout-liste" href="http://www.refonte.auchandirect.fr/rayon.productgridorlist.productlist_1.thumbnailproduct_0.addproducttoshoppinglist/3601?t:ac=484">Ajouter à ma liste</a></div><div class="infos-produit-1"><div class="prix-actuel"><span>2.29€</span></div></div><div class="infos-produit-2"><a title="Voir le produit" href="http://www.refonte.auchandirect.fr/petit-déjeuner-epicerie-sucrée/petit-déjeuner/candy'up-boisson-chocolatée/id1/484/3601"><h2>CANDIA</h2><h4>Candy'up boisson chocolatée</h4><h4>Mini-briques</h4><p>
6 x 20 cl
<br/>
1.91€/l
</p></a></div><div class="mini_picto_bas"><img src="http://www.refonte.auchandirect.fr/static/images/DLC-garantie-30j_small.jpg"/></div></div></div></td><td><!-- PL : ici --><div class="bloc-produit  bientot-dispo"><div class="bloc-produit-content"><a title="Voir le produit" href="http://www.refonte.auchandirect.fr/petit-déjeuner-epicerie-sucrée/petit-déjeuner/candy'up-boisson-chocolatée/id1/484/3600"><img src="http://www.refonte.auchandirect.fr/static/images/products/line/3600.jpg" alt="" class="produit "/></a><div class="picto"><span class="invisible"></span></div><div class="boutons-produit"><a class="bt-produit-ajout-panier disable" title="Bientôt disponible" href="javascript:void(0)">Bientôt disponible</a><a id="addProductToShoppingList_222" onclick="javascript:Tapestry.waitForPage(event);" title="Ajouter à ma liste" class="bt-produit-ajout-liste" href="http://www.refonte.auchandirect.fr/rayon.productgridorlist.productlist_1.thumbnailproduct_0.addproducttoshoppinglist/3600?t:ac=484">Ajouter à ma liste</a></div><div class="infos-produit-1"><div class="prix-actuel"><span>1.57€</span></div></div><div class="infos-produit-2"><a title="Voir le produit" href="http://www.refonte.auchandirect.fr/petit-déjeuner-epicerie-sucrée/petit-déjeuner/candy'up-boisson-chocolatée/id1/484/3600"><h2>CANDIA</h2><h4>Candy'up boisson chocolatée</h4><h4></h4><p>
1 l
<br/>
1.57€/l
</p></a></div><div class="mini_picto_bas"><img src="http://www.refonte.auchandirect.fr/static/images/DLC-garantie-30j_small.jpg"/></div></div></div></td><td><!-- PL : ici --><div class="bloc-produit "><div class="bloc-produit-content"><a title="Voir le produit" href="http://www.refonte.auchandirect.fr/petit-déjeuner-epicerie-sucrée/petit-déjeuner/candy'up-boisson-fraise/id1/484/3602"><img src="http://www.refonte.auchandirect.fr/static/images/products/line/3602.jpg" alt="" class="produit "/></a><div class="picto"><span class="invisible"></span></div><div class="boutons-produit"><a id="addProductToBasket_150" onclick="javascript:Tapestry.waitForPage(event);" title="Ajouter au panier" class="bt-produit-ajout-panier" href="http://www.refonte.auchandirect.fr/rayon.productgridorlist.productlist_1.thumbnailproduct_0.addproducttobasket/3602?t:ac=484">Ajouter au panier</a><a id="addProductToShoppingList_223" onclick="javascript:Tapestry.waitForPage(event);" title="Ajouter à ma liste" class="bt-produit-ajout-liste" href="http://www.refonte.auchandirect.fr/rayon.productgridorlist.productlist_1.thumbnailproduct_0.addproducttoshoppinglist/3602?t:ac=484">Ajouter à ma liste</a></div><div class="infos-produit-1"><div class="prix-actuel"><span>2.41€</span></div></div><div class="infos-produit-2"><a title="Voir le produit" href="http://www.refonte.auchandirect.fr/petit-déjeuner-epicerie-sucrée/petit-déjeuner/candy'up-boisson-fraise/id1/484/3602"><h2>CANDIA</h2><h4>Candy'up boisson fraise</h4><h4>En mini-briques</h4><p>
6 x 20 cl
<br/>
2.01€/l
</p></a></div><div class="mini_picto_bas"><img src="http://www.refonte.auchandirect.fr/static/images/DLC-garantie-30j_small.jpg"/></div></div></div></td></tr><tr><td><!-- PL : ici --><div class="bloc-produit "><div class="bloc-produit-content"><a title="Voir le produit" href="http://www.refonte.auchandirect.fr/boissons/jus,-softs/multivitamin/id1/476/48087"><img src="http://www.refonte.auchandirect.fr/static/images/products/line/48087.jpg" alt="" class="produit "/></a><div class="picto"><span class="invisible"></span></div><div class="boutons-produit"><a id="addProductToBasket_151" onclick="javascript:Tapestry.waitForPage(event);" title="Ajouter au panier" class="bt-produit-ajout-panier" href="http://www.refonte.auchandirect.fr/rayon.productgridorlist.productlist_1.thumbnailproduct_0.addproducttobasket/48087?t:ac=484">Ajouter au panier</a><a id="addProductToShoppingList_224" onclick="javascript:Tapestry.waitForPage(event);" title="Ajouter à ma liste" class="bt-produit-ajout-liste" href="http://www.refonte.auchandirect.fr/rayon.productgridorlist.productlist_1.thumbnailproduct_0.addproducttoshoppinglist/48087?t:ac=484">Ajouter à ma liste</a></div><div class="infos-produit-1"><div class="prix-actuel"><span>3.85€</span></div></div><div class="infos-produit-2"><a title="Voir le produit" href="http://www.refonte.auchandirect.fr/boissons/jus,-softs/multivitamin/id1/476/48087"><h2>CAPRI SUN</h2><h4>Multivitamin</h4><h4></h4><p>
10 x 20 cl
<br/>
1.93€/l
</p></a></div><div class="mini_picto_bas"></div></div></div></td><td><!-- PL : ici --><div class="bloc-produit  bientot-dispo"><div class="bloc-produit-content"><a title="Voir le produit" href="http://www.refonte.auchandirect.fr/boissons/jus,-softs/jus-d'orange/id1/476/47555"><img src="http://www.refonte.auchandirect.fr/static/images/products/line/47555.jpg" alt="" class="produit "/></a><div class="picto"><span class="invisible"></span></div><div class="boutons-produit"><a class="bt-produit-ajout-panier disable" title="Bientôt disponible" href="javascript:void(0)">Bientôt disponible</a><a id="addProductToShoppingList_225" onclick="javascript:Tapestry.waitForPage(event);" title="Ajouter à ma liste" class="bt-produit-ajout-liste" href="http://www.refonte.auchandirect.fr/rayon.productgridorlist.productlist_1.thumbnailproduct_0.addproducttoshoppinglist/47555?t:ac=484">Ajouter à ma liste</a></div><div class="infos-produit-1"><div class="prix-actuel"><span>3.90€</span></div></div><div class="infos-produit-2"><a title="Voir le produit" href="http://www.refonte.auchandirect.fr/boissons/jus,-softs/jus-d'orange/id1/476/47555"><h2>CAPRI SUN</h2><h4>Jus d'orange</h4><h4></h4><p>
20 cl
<br/>
1.95€/l
</p></a></div><div class="mini_picto_bas"></div></div></div></td><td><!-- PL : ici --><div class="bloc-produit "><div class="bloc-produit-content"><a title="Voir le produit" href="http://www.refonte.auchandirect.fr/petit-déjeuner-epicerie-sucrée/petit-déjeuner/café-en-grains-arabica/id1/484/100862"><img src="http://www.refonte.auchandirect.fr/static/images/products/line/100862.jpg" alt="" class="produit "/></a><div class="picto"><span class="invisible"></span></div><div class="boutons-produit"><a id="addProductToBasket_152" onclick="javascript:Tapestry.waitForPage(event);" title="Ajouter au panier" class="bt-produit-ajout-panier" href="http://www.refonte.auchandirect.fr/rayon.productgridorlist.productlist_1.thumbnailproduct_0.addproducttobasket/100862?t:ac=484">Ajouter au panier</a><a id="addProductToShoppingList_226" onclick="javascript:Tapestry.waitForPage(event);" title="Ajouter à ma liste" class="bt-produit-ajout-liste" href="http://www.refonte.auchandirect.fr/rayon.productgridorlist.productlist_1.thumbnailproduct_0.addproducttoshoppinglist/100862?t:ac=484">Ajouter à ma liste</a></div><div class="infos-produit-1"><div class="prix-actuel"><span>3.69€</span></div></div><div class="infos-produit-2"><a title="Voir le produit" href="http://www.refonte.auchandirect.fr/petit-déjeuner-epicerie-sucrée/petit-déjeuner/café-en-grains-arabica/id1/484/100862"><h2>CARTE NOIRE</h2><h4>Café en grains arabica</h4><h4></h4><p>
250 g
<br/>
14.76€/kg
</p></a></div><div class="mini_picto_bas"><img src="http://www.refonte.auchandirect.fr/static/images/DLC-garantie-30j_small.jpg"/></div></div></div></td></tr><tr><td><!-- PL : ici --><div class="bloc-produit "><div class="bloc-produit-content"><a title="Voir le produit" href="http://www.refonte.auchandirect.fr/petit-déjeuner-epicerie-sucrée/petit-déjeuner/café-soluble-stick/id1/484/96293"><img src="http://www.refonte.auchandirect.fr/static/images/products/line/96293.jpg" alt="" class="produit "/></a><div class="picto"><span class="invisible"></span></div><div class="boutons-produit"><a id="addProductToBasket_153" onclick="javascript:Tapestry.waitForPage(event);" title="Ajouter au panier" class="bt-produit-ajout-panier" href="http://www.refonte.auchandirect.fr/rayon.productgridorlist.productlist_1.thumbnailproduct_0.addproducttobasket/96293?t:ac=484">Ajouter au panier</a><a id="addProductToShoppingList_227" onclick="javascript:Tapestry.waitForPage(event);" title="Ajouter à ma liste" class="bt-produit-ajout-liste" href="http://www.refonte.auchandirect.fr/rayon.productgridorlist.productlist_1.thumbnailproduct_0.addproducttoshoppinglist/96293?t:ac=484">Ajouter à ma liste</a></div><div class="infos-produit-1"><div class="prix-actuel"><span>2.51€</span></div></div><div class="infos-produit-2"><a title="Voir le produit" href="http://www.refonte.auchandirect.fr/petit-déjeuner-epicerie-sucrée/petit-déjeuner/café-soluble-stick/id1/484/96293"><h2>CARTE NOIRE</h2><h4>Café soluble stick</h4><h4>Millicano</h4><p>
45 g
<br/>
55.78€/kg
</p></a></div><div class="mini_picto_bas"></div></div></div></td><td><!-- PL : ici --><div class="bloc-produit  bientot-dispo"><div class="bloc-produit-content"><a title="Voir le produit" href="http://www.refonte.auchandirect.fr/petit-déjeuner-epicerie-sucrée/petit-déjeuner/dosettes-de-café-doux-x-36/id1/484/47235"><img src="http://www.refonte.auchandirect.fr/static/images/products/line/47235.jpg" alt="" class="produit "/></a><div class="picto"><span class="invisible"></span></div><div class="boutons-produit"><a class="bt-produit-ajout-panier disable" title="Bientôt disponible" href="javascript:void(0)">Bientôt disponible</a><a id="addProductToShoppingList_228" onclick="javascript:Tapestry.waitForPage(event);" title="Ajouter à ma liste" class="bt-produit-ajout-liste" href="http://www.refonte.auchandirect.fr/rayon.productgridorlist.productlist_1.thumbnailproduct_0.addproducttoshoppinglist/47235?t:ac=484">Ajouter à ma liste</a></div><div class="infos-produit-1"><div class="prix-actuel"><span>4.29€</span></div></div><div class="infos-produit-2"><a title="Voir le produit" href="http://www.refonte.auchandirect.fr/petit-déjeuner-epicerie-sucrée/petit-déjeuner/dosettes-de-café-doux-x-36/id1/484/47235"><h2>CARTE NOIRE</h2><h4>Dosettes de café doux x 36</h4><h4></h4><p>
250 g
<br/>
17.16€/kg
</p></a></div><div class="mini_picto_bas"><img src="http://www.refonte.auchandirect.fr/static/images/DLC-garantie-30j_small.jpg"/></div></div></div></td><td><!-- PL : ici --><div class="bloc-produit "><div class="bloc-produit-content"><a title="Voir le produit" href="http://www.refonte.auchandirect.fr/petit-déjeuner-epicerie-sucrée/petit-déjeuner/dosettes-de-café-corsé-x-36/id1/484/47756"><img src="http://www.refonte.auchandirect.fr/static/images/products/line/47756.jpg" alt="" class="produit "/></a><div class="picto"><span class="invisible"></span></div><div class="boutons-produit"><a id="addProductToBasket_154" onclick="javascript:Tapestry.waitForPage(event);" title="Ajouter au panier" class="bt-produit-ajout-panier" href="http://www.refonte.auchandirect.fr/rayon.productgridorlist.productlist_1.thumbnailproduct_0.addproducttobasket/47756?t:ac=484">Ajouter au panier</a><a id="addProductToShoppingList_229" onclick="javascript:Tapestry.waitForPage(event);" title="Ajouter à ma liste" class="bt-produit-ajout-liste" href="http://www.refonte.auchandirect.fr/rayon.productgridorlist.productlist_1.thumbnailproduct_0.addproducttoshoppinglist/47756?t:ac=484">Ajouter à ma liste</a></div><div class="infos-produit-1"><div class="prix-actuel"><span>4.40€</span></div></div><div class="infos-produit-2"><a title="Voir le produit" href="http://www.refonte.auchandirect.fr/petit-déjeuner-epicerie-sucrée/petit-déjeuner/dosettes-de-café-corsé-x-36/id1/484/47756"><h2>CARTE NOIRE</h2><h4>Dosettes de café corsé x 36</h4><h4></h4><p>
250 g
<br/>
17.60€/kg
</p></a></div><div class="mini_picto_bas"><img src="http://www.refonte.auchandirect.fr/static/images/DLC-garantie-30j_small.jpg"/></div></div></div></td></tr><tr><td><!-- PL : ici --><div class="bloc-produit "><div class="bloc-produit-content"><a title="Voir le produit" href="http://www.refonte.auchandirect.fr/petit-déjeuner-epicerie-sucrée/petit-déjeuner/dosettes-de-café-décaféiné-x-36/id1/484/47149"><img src="http://www.refonte.auchandirect.fr/static/images/products/line/47149.jpg" alt="" class="produit "/></a><div class="picto"><span class="invisible"></span></div><div class="boutons-produit"><a id="addProductToBasket_155" onclick="javascript:Tapestry.waitForPage(event);" title="Ajouter au panier" class="bt-produit-ajout-panier" href="http://www.refonte.auchandirect.fr/rayon.productgridorlist.productlist_1.thumbnailproduct_0.addproducttobasket/47149?t:ac=484">Ajouter au panier</a><a id="addProductToShoppingList_230" onclick="javascript:Tapestry.waitForPage(event);" title="Ajouter à ma liste" class="bt-produit-ajout-liste" href="http://www.refonte.auchandirect.fr/rayon.productgridorlist.productlist_1.thumbnailproduct_0.addproducttoshoppinglist/47149?t:ac=484">Ajouter à ma liste</a></div><div class="infos-produit-1"><div class="prix-actuel"><span>5.45€</span></div></div><div class="infos-produit-2"><a title="Voir le produit" href="http://www.refonte.auchandirect.fr/petit-déjeuner-epicerie-sucrée/petit-déjeuner/dosettes-de-café-décaféiné-x-36/id1/484/47149"><h2>CARTE NOIRE</h2><h4>Dosettes de café décaféiné x  36</h4><h4></h4><p>
250 g
<br/>
21.80€/kg
</p></a></div><div class="mini_picto_bas"><img src="http://www.refonte.auchandirect.fr/static/images/DLC-garantie-30j_small.jpg"/></div></div></div></td><td><!-- PL : ici --><div class="bloc-produit "><div class="bloc-produit-content"><a title="Voir le produit" href="http://www.refonte.auchandirect.fr/petit-déjeuner-epicerie-sucrée/petit-déjeuner/dosettes-de-café-x-36/id1/484/31547"><img src="http://www.refonte.auchandirect.fr/static/images/products/line/31547.jpg" alt="" class="produit "/></a><div class="picto"><span class="invisible"></span></div><div class="boutons-produit"><a id="addProductToBasket_156" onclick="javascript:Tapestry.waitForPage(event);" title="Ajouter au panier" class="bt-produit-ajout-panier" href="http://www.refonte.auchandirect.fr/rayon.productgridorlist.productlist_1.thumbnailproduct_0.addproducttobasket/31547?t:ac=484">Ajouter au panier</a><a id="addProductToShoppingList_231" onclick="javascript:Tapestry.waitForPage(event);" title="Ajouter à ma liste" class="bt-produit-ajout-liste" href="http://www.refonte.auchandirect.fr/rayon.productgridorlist.productlist_1.thumbnailproduct_0.addproducttoshoppinglist/31547?t:ac=484">Ajouter à ma liste</a></div><div class="infos-produit-1"><div class="prix-actuel"><span>4.61€</span></div></div><div class="infos-produit-2"><a title="Voir le produit" href="http://www.refonte.auchandirect.fr/petit-déjeuner-epicerie-sucrée/petit-déjeuner/dosettes-de-café-x-36/id1/484/31547"><h2>CARTE NOIRE</h2><h4>Dosettes de café x 36</h4><h4>Classic</h4><p>
250 g
<br/>
128.06€/kg
</p></a></div><div class="mini_picto_bas"><img src="http://www.refonte.auchandirect.fr/static/images/DLC-garantie-30j_small.jpg"/></div></div></div></td><td><!-- PL : ici --><div class="bloc-produit promotion"><div class="bloc-produit-content"><a title="Voir le produit" href="../caf%25C3%25A9-moulu-en-dosettes-individuelles-souples-/id1/484/76613.html"><img src="http://www.refonte.auchandirect.fr/static/images/products/line/76613.jpg" alt="" class="produit "/></a><div class="picto"><span class="invisible"></span></div><img src="http://www.refonte.auchandirect.fr/static/images/promo_small.png" class="ruban"/><div class="boutons-produit"><a id="addProductToBasket_157" onclick="javascript:Tapestry.waitForPage(event);" title="Ajouter au panier" class="bt-produit-ajout-panier" href="http://www.refonte.auchandirect.fr/rayon.productgridorlist.productlist_1.thumbnailproduct_0.addproducttobasket/76613?t:ac=484">Ajouter au panier</a><a id="addProductToShoppingList_232" onclick="javascript:Tapestry.waitForPage(event);" title="Ajouter à ma liste" class="bt-produit-ajout-liste" href="http://www.refonte.auchandirect.fr/rayon.productgridorlist.productlist_1.thumbnailproduct_0.addproducttoshoppinglist/76613?t:ac=484">Ajouter à ma liste</a></div><div class="infos-produit-1"><div class="prix-actuel"><span>4.15€</span></div></div><div class="infos-produit-2"><a title="Voir le produit" href="../caf%25C3%25A9-moulu-en-dosettes-individuelles-souples-/id1/484/76613.html"><h2>CARTE NOIRE</h2><h4>Café moulu en dosettes individuelles souples.</h4><h4></h4><p>
36 pièces
<br/>
16.60€/kg
</p></a></div><div class="mini_picto_bas"></div></div></div></td></tr><tr><td><!-- PL : ici --><div class="bloc-produit  bientot-dispo"><div class="bloc-produit-content"><a title="Voir le produit" href="http://www.refonte.auchandirect.fr/petit-déjeuner-epicerie-sucrée/petit-déjeuner/dosettes-de-café-corsé-x36/id1/484/60375"><img src="http://www.refonte.auchandirect.fr/static/images/products/line/60375.jpg" alt="" class="produit "/></a><div class="picto"><span class="invisible"></span></div><div class="boutons-produit"><a class="bt-produit-ajout-panier disable" title="Bientôt disponible" href="javascript:void(0)">Bientôt disponible</a><a id="addProductToShoppingList_233" onclick="javascript:Tapestry.waitForPage(event);" title="Ajouter à ma liste" class="bt-produit-ajout-liste" href="http://www.refonte.auchandirect.fr/rayon.productgridorlist.productlist_1.thumbnailproduct_0.addproducttoshoppinglist/60375?t:ac=484">Ajouter à ma liste</a></div><div class="infos-produit-1"><div class="prix-actuel"><span>4.20€</span></div></div><div class="infos-produit-2"><a title="Voir le produit" href="http://www.refonte.auchandirect.fr/petit-déjeuner-epicerie-sucrée/petit-déjeuner/dosettes-de-café-corsé-x36/id1/484/60375"><h2>CARTE NOIRE</h2><h4>Dosettes de café corsé x36</h4><h4>Prix spécial</h4><p>
250 g
<br/>
16.80€/kg
</p></a></div><div class="mini_picto_bas"></div></div></div></td><td><!-- PL : ici --><div class="bloc-produit "><div class="bloc-produit-content"><a title="Voir le produit" href="http://www.refonte.auchandirect.fr/petit-déjeuner-epicerie-sucrée/petit-déjeuner/dosettes-de-café-doux-x36/id1/484/60492"><img src="http://www.refonte.auchandirect.fr/static/images/products/line/60492.jpg" alt="" class="produit "/></a><div class="picto"><span class="invisible"></span></div><div class="boutons-produit"><a id="addProductToBasket_158" onclick="javascript:Tapestry.waitForPage(event);" title="Ajouter au panier" class="bt-produit-ajout-panier" href="http://www.refonte.auchandirect.fr/rayon.productgridorlist.productlist_1.thumbnailproduct_0.addproducttobasket/60492?t:ac=484">Ajouter au panier</a><a id="addProductToShoppingList_234" onclick="javascript:Tapestry.waitForPage(event);" title="Ajouter à ma liste" class="bt-produit-ajout-liste" href="http://www.refonte.auchandirect.fr/rayon.productgridorlist.productlist_1.thumbnailproduct_0.addproducttoshoppinglist/60492?t:ac=484">Ajouter à ma liste</a></div><div class="infos-produit-1"><div class="prix-actuel"><span>4.20€</span></div></div><div class="infos-produit-2"><a title="Voir le produit" href="http://www.refonte.auchandirect.fr/petit-déjeuner-epicerie-sucrée/petit-déjeuner/dosettes-de-café-doux-x36/id1/484/60492"><h2>CARTE NOIRE</h2><h4>Dosettes de café doux x36</h4><h4>Doux</h4><p>
250 g
<br/>
16.80€/kg
</p></a></div><div class="mini_picto_bas"></div></div></div></td><td><!-- PL : ici --><div class="bloc-produit "><div class="bloc-produit-content"><a title="Voir le produit" href="http://www.refonte.auchandirect.fr/petit-déjeuner-epicerie-sucrée/petit-déjeuner/café-moulu-pur-arabica/id1/484/7698"><img src="http://www.refonte.auchandirect.fr/static/images/products/line/7698.jpg" alt="" class="produit "/></a><div class="picto"><span class="invisible"></span></div><div class="boutons-produit"><a id="addProductToBasket_159" onclick="javascript:Tapestry.waitForPage(event);" title="Ajouter au panier" class="bt-produit-ajout-panier" href="http://www.refonte.auchandirect.fr/rayon.productgridorlist.productlist_1.thumbnailproduct_0.addproducttobasket/7698?t:ac=484">Ajouter au panier</a><a id="addProductToShoppingList_235" onclick="javascript:Tapestry.waitForPage(event);" title="Ajouter à ma liste" class="bt-produit-ajout-liste" href="http://www.refonte.auchandirect.fr/rayon.productgridorlist.productlist_1.thumbnailproduct_0.addproducttoshoppinglist/7698?t:ac=484">Ajouter à ma liste</a></div><div class="infos-produit-1"><div class="prix-actuel"><span>3.69€</span></div></div><div class="infos-produit-2"><a title="Voir le produit" href="http://www.refonte.auchandirect.fr/petit-déjeuner-epicerie-sucrée/petit-déjeuner/café-moulu-pur-arabica/id1/484/7698"><h2>CARTE NOIRE</h2><h4>Café moulu pur arabica</h4><h4>Expresso</h4><p>
250 g
<br/>
14.76€/kg
</p></a></div><div class="mini_picto_bas"></div></div></div></td></tr><tr><td><!-- PL : ici --><div class="bloc-produit "><div class="bloc-produit-content"><a title="Voir le produit" href="http://www.refonte.auchandirect.fr/petit-déjeuner-epicerie-sucrée/petit-déjeuner/café-moulu-et-soluble/id1/484/96292"><img src="http://www.refonte.auchandirect.fr/static/images/products/line/96292.jpg" alt="" class="produit "/></a><div class="picto"><span class="invisible"></span></div><div class="boutons-produit"><a id="addProductToBasket_160" onclick="javascript:Tapestry.waitForPage(event);" title="Ajouter au panier" class="bt-produit-ajout-panier" href="http://www.refonte.auchandirect.fr/rayon.productgridorlist.productlist_1.thumbnailproduct_0.addproducttobasket/96292?t:ac=484">Ajouter au panier</a><a id="addProductToShoppingList_236" onclick="javascript:Tapestry.waitForPage(event);" title="Ajouter à ma liste" class="bt-produit-ajout-liste" href="http://www.refonte.auchandirect.fr/rayon.productgridorlist.productlist_1.thumbnailproduct_0.addproducttoshoppinglist/96292?t:ac=484">Ajouter à ma liste</a></div><div class="infos-produit-1"><div class="prix-actuel"><span>5.45€</span></div></div><div class="infos-produit-2"><a title="Voir le produit" href="http://www.refonte.auchandirect.fr/petit-déjeuner-epicerie-sucrée/petit-déjeuner/café-moulu-et-soluble/id1/484/96292"><h2>CARTE NOIRE</h2><h4>Café moulu et soluble</h4><h4>Millicano</h4><p>
100 g
<br/>
54.50€/kg
</p></a></div><div class="mini_picto_bas"></div></div></div></td><td><!-- PL : ici --><div class="bloc-produit "><div class="bloc-produit-content"><a title="Voir le produit" href="http://www.refonte.auchandirect.fr/petit-déjeuner-epicerie-sucrée/petit-déjeuner/recharge-café-moulu-et-soluble/id1/484/96294"><img src="http://www.refonte.auchandirect.fr/static/images/products/line/96294.jpg" alt="" class="produit "/></a><div class="picto"><span class="invisible"></span></div><div class="boutons-produit"><a id="addProductToBasket_161" onclick="javascript:Tapestry.waitForPage(event);" title="Ajouter au panier" class="bt-produit-ajout-panier" href="http://www.refonte.auchandirect.fr/rayon.productgridorlist.productlist_1.thumbnailproduct_0.addproducttobasket/96294?t:ac=484">Ajouter au panier</a><a id="addProductToShoppingList_237" onclick="javascript:Tapestry.waitForPage(event);" title="Ajouter à ma liste" class="bt-produit-ajout-liste" href="http://www.refonte.auchandirect.fr/rayon.productgridorlist.productlist_1.thumbnailproduct_0.addproducttoshoppinglist/96294?t:ac=484">Ajouter à ma liste</a></div><div class="infos-produit-1"><div class="prix-actuel"><span>3.85€</span></div></div><div class="infos-produit-2"><a title="Voir le produit" href="http://www.refonte.auchandirect.fr/petit-déjeuner-epicerie-sucrée/petit-déjeuner/recharge-café-moulu-et-soluble/id1/484/96294"><h2>CARTE NOIRE</h2><h4>Recharge café moulu et soluble</h4><h4>Millicano</h4><p>
80 g
<br/>
48.13€/kg
</p></a></div><div class="mini_picto_bas"></div></div></div></td><td><!-- PL : ici --><div class="bloc-produit promotion bientot-dispo"><div class="bloc-produit-content"><a title="Voir le produit" href="http://www.refonte.auchandirect.fr/petit-déjeuner-epicerie-sucrée/petit-déjeuner/café-moulu/id1/484/96304"><img src="http://www.refonte.auchandirect.fr/static/images/products/line/96304.jpg" alt="" class="produit "/></a><div class="picto"><span class="invisible"></span></div><img src="http://www.refonte.auchandirect.fr/static/images/promo_small.png" class="ruban"/><div class="boutons-produit"><a class="bt-produit-ajout-panier disable" title="Bientôt disponible" href="javascript:void(0)">Bientôt disponible</a><a id="addProductToShoppingList_238" onclick="javascript:Tapestry.waitForPage(event);" title="Ajouter à ma liste" class="bt-produit-ajout-liste" href="http://www.refonte.auchandirect.fr/rayon.productgridorlist.productlist_1.thumbnailproduct_0.addproducttoshoppinglist/96304?t:ac=484">Ajouter à ma liste</a></div><div class="infos-produit-1"><div class="prix-actuel"><span>9.90€</span></div></div><div class="infos-produit-2"><a title="Voir le produit" href="http://www.refonte.auchandirect.fr/petit-déjeuner-epicerie-sucrée/petit-déjeuner/café-moulu/id1/484/96304"><h2>CARTE NOIRE</h2><h4>Café moulu</h4><h4></h4><p>
750 g
<br/>
13.20€/kg
</p></a></div><div class="mini_picto_bas"></div></div></div></td></tr><tr><td><!-- PL : ici --><div class="bloc-produit "><div class="bloc-produit-content"><a title="Voir le produit" href="http://www.refonte.auchandirect.fr/petit-déjeuner-epicerie-sucrée/petit-déjeuner/café-moulu-pur-arabica/id1/484/55669"><img src="http://www.refonte.auchandirect.fr/static/images/products/line/55669.jpg" alt="" class="produit "/></a><div class="picto"><span class="invisible"></span></div><div class="boutons-produit"><a id="addProductToBasket_162" onclick="javascript:Tapestry.waitForPage(event);" title="Ajouter au panier" class="bt-produit-ajout-panier" href="http://www.refonte.auchandirect.fr/rayon.productgridorlist.productlist_1.thumbnailproduct_0.addproducttobasket/55669?t:ac=484">Ajouter au panier</a><a id="addProductToShoppingList_239" onclick="javascript:Tapestry.waitForPage(event);" title="Ajouter à ma liste" class="bt-produit-ajout-liste" href="http://www.refonte.auchandirect.fr/rayon.productgridorlist.productlist_1.thumbnailproduct_0.addproducttoshoppinglist/55669?t:ac=484">Ajouter à ma liste</a></div><div class="infos-produit-1"><div class="prix-actuel"><span>6.90€</span></div></div><div class="infos-produit-2"><a title="Voir le produit" href="http://www.refonte.auchandirect.fr/petit-déjeuner-epicerie-sucrée/petit-déjeuner/café-moulu-pur-arabica/id1/484/55669"><h2>CARTE NOIRE</h2><h4>Café moulu pur arabica</h4><h4>OFFRE SPECIALE</h4><p>
2 x 250 g
<br/>
13.80€/kg
</p></a></div><div class="mini_picto_bas"><img src="http://www.refonte.auchandirect.fr/static/images/DLC-garantie-30j_small.jpg"/></div></div></div></td><td><!-- PL : ici --><div class="bloc-produit  bientot-dispo"><div class="bloc-produit-content"><a title="Voir le produit" href="http://www.refonte.auchandirect.fr/petit-déjeuner-epicerie-sucrée/petit-déjeuner/café-moulu-pur-arabica-doux/id1/484/100439"><img src="http://www.refonte.auchandirect.fr/static/images/products/line/100439.jpg" alt="" class="produit "/></a><div class="picto"><span class="invisible"></span></div><div class="boutons-produit"><a class="bt-produit-ajout-panier disable" title="Bientôt disponible" href="javascript:void(0)">Bientôt disponible</a><a id="addProductToShoppingList_240" onclick="javascript:Tapestry.waitForPage(event);" title="Ajouter à ma liste" class="bt-produit-ajout-liste" href="http://www.refonte.auchandirect.fr/rayon.productgridorlist.productlist_1.thumbnailproduct_0.addproducttoshoppinglist/100439?t:ac=484">Ajouter à ma liste</a></div><div class="infos-produit-1"><div class="prix-actuel"><span>6.45€</span></div></div><div class="infos-produit-2"><a title="Voir le produit" href="http://www.refonte.auchandirect.fr/petit-déjeuner-epicerie-sucrée/petit-déjeuner/café-moulu-pur-arabica-doux/id1/484/100439"><h2>CARTE NOIRE</h2><h4>Café moulu pur arabica doux</h4><h4>Velours noir</h4><p>
2 x 250 g
<br/>
12.90€/kg
</p></a></div><div class="mini_picto_bas"><img src="http://www.refonte.auchandirect.fr/static/images/DLC-garantie-30j_small.jpg"/></div></div></div></td><td><!-- PL : ici --><div class="bloc-produit  bientot-dispo"><div class="bloc-produit-content"><a title="Voir le produit" href="http://www.refonte.auchandirect.fr/petit-déjeuner-epicerie-sucrée/petit-déjeuner/café-moulu-pur-arabica-doux/id1/484/100637"><img src="http://www.refonte.auchandirect.fr/static/images/products/line/100637.jpg" alt="" class="produit "/></a><div class="picto"><span class="invisible"></span></div><div class="boutons-produit"><a class="bt-produit-ajout-panier disable" title="Bientôt disponible" href="javascript:void(0)">Bientôt disponible</a><a id="addProductToShoppingList_241" onclick="javascript:Tapestry.waitForPage(event);" title="Ajouter à ma liste" class="bt-produit-ajout-liste" href="http://www.refonte.auchandirect.fr/rayon.productgridorlist.productlist_1.thumbnailproduct_0.addproducttoshoppinglist/100637?t:ac=484">Ajouter à ma liste</a></div><div class="infos-produit-1"><div class="prix-actuel"><span>3.40€</span></div></div><div class="infos-produit-2"><a title="Voir le produit" href="http://www.refonte.auchandirect.fr/petit-déjeuner-epicerie-sucrée/petit-déjeuner/café-moulu-pur-arabica-doux/id1/484/100637"><h2>CARTE NOIRE</h2><h4>Café moulu pur arabica doux</h4><h4>Velours noir</h4><p>
250 g
<br/>
13.60€/kg
</p></a></div><div class="mini_picto_bas"><img src="http://www.refonte.auchandirect.fr/static/images/DLC-garantie-30j_small.jpg"/></div></div></div></td></tr><tr><td><!-- PL : ici --><div class="bloc-produit "><div class="bloc-produit-content"><a title="Voir le produit" href="http://www.refonte.auchandirect.fr/petit-déjeuner-epicerie-sucrée/petit-déjeuner/café-moulu-pur-arabica/id1/484/100797"><img src="http://www.refonte.auchandirect.fr/static/images/products/line/100797.jpg" alt="" class="produit "/></a><div class="picto"><span class="invisible"></span></div><div class="boutons-produit"><a id="addProductToBasket_163" onclick="javascript:Tapestry.waitForPage(event);" title="Ajouter au panier" class="bt-produit-ajout-panier" href="http://www.refonte.auchandirect.fr/rayon.productgridorlist.productlist_1.thumbnailproduct_0.addproducttobasket/100797?t:ac=484">Ajouter au panier</a><a id="addProductToShoppingList_242" onclick="javascript:Tapestry.waitForPage(event);" title="Ajouter à ma liste" class="bt-produit-ajout-liste" href="http://www.refonte.auchandirect.fr/rayon.productgridorlist.productlist_1.thumbnailproduct_0.addproducttoshoppinglist/100797?t:ac=484">Ajouter à ma liste</a></div><div class="infos-produit-1"><div class="prix-actuel"><span>3.56€</span></div></div><div class="infos-produit-2"><a title="Voir le produit" href="http://www.refonte.auchandirect.fr/petit-déjeuner-epicerie-sucrée/petit-déjeuner/café-moulu-pur-arabica/id1/484/100797"><h2>CARTE NOIRE</h2><h4>Café moulu pur arabica</h4><h4></h4><p>
250 g
<br/>
14.24€/kg
</p></a></div><div class="mini_picto_bas"><img src="http://www.refonte.auchandirect.fr/static/images/DLC-garantie-30j_small.jpg"/></div></div></div></td><td><!-- PL : ici --><div class="bloc-produit "><div class="bloc-produit-content"><a title="Voir le produit" href="http://www.refonte.auchandirect.fr/petit-déjeuner-epicerie-sucrée/petit-déjeuner/eco-recharge-de-café-soluble-arabica/id1/484/43150"><img src="http://www.refonte.auchandirect.fr/static/images/products/line/43150.jpg" alt="" class="produit "/></a><div class="picto"><span class="invisible"></span></div><div class="boutons-produit"><a id="addProductToBasket_164" onclick="javascript:Tapestry.waitForPage(event);" title="Ajouter au panier" class="bt-produit-ajout-panier" href="http://www.refonte.auchandirect.fr/rayon.productgridorlist.productlist_1.thumbnailproduct_0.addproducttobasket/43150?t:ac=484">Ajouter au panier</a><a id="addProductToShoppingList_243" onclick="javascript:Tapestry.waitForPage(event);" title="Ajouter à ma liste" class="bt-produit-ajout-liste" href="http://www.refonte.auchandirect.fr/rayon.productgridorlist.productlist_1.thumbnailproduct_0.addproducttoshoppinglist/43150?t:ac=484">Ajouter à ma liste</a></div><div class="infos-produit-1"><div class="prix-actuel"><span>7.09€</span></div></div><div class="infos-produit-2"><a title="Voir le produit" href="http://www.refonte.auchandirect.fr/petit-déjeuner-epicerie-sucrée/petit-déjeuner/eco-recharge-de-café-soluble-arabica/id1/484/43150"><h2>CARTE NOIRE</h2><h4>Eco recharge de café soluble arabica</h4><h4>Instinct</h4><p>
200 g
<br/>
35.45€/kg
</p></a></div><div class="mini_picto_bas"><img src="http://www.refonte.auchandirect.fr/static/images/DLC-garantie-30j_small.jpg"/></div></div></div></td><td><!-- PL : ici --><div class="bloc-produit "><div class="bloc-produit-content"><a title="Voir le produit" href="http://www.refonte.auchandirect.fr/petit-déjeuner-epicerie-sucrée/petit-déjeuner/café-soluble-pur-arabica/id1/484/4754"><img src="http://www.refonte.auchandirect.fr/static/images/products/line/4754.jpg" alt="" class="produit "/></a><div class="picto"><span class="invisible"></span></div><div class="boutons-produit"><a id="addProductToBasket_165" onclick="javascript:Tapestry.waitForPage(event);" title="Ajouter au panier" class="bt-produit-ajout-panier" href="http://www.refonte.auchandirect.fr/rayon.productgridorlist.productlist_1.thumbnailproduct_0.addproducttobasket/4754?t:ac=484">Ajouter au panier</a><a id="addProductToShoppingList_244" onclick="javascript:Tapestry.waitForPage(event);" title="Ajouter à ma liste" class="bt-produit-ajout-liste" href="http://www.refonte.auchandirect.fr/rayon.productgridorlist.productlist_1.thumbnailproduct_0.addproducttoshoppinglist/4754?t:ac=484">Ajouter à ma liste</a></div><div class="infos-produit-1"><div class="prix-actuel"><span>4.86€</span></div></div><div class="infos-produit-2"><a title="Voir le produit" href="http://www.refonte.auchandirect.fr/petit-déjeuner-epicerie-sucrée/petit-déjeuner/café-soluble-pur-arabica/id1/484/4754"><h2>CARTE NOIRE</h2><h4>Café soluble pur arabica</h4><h4>Instinct</h4><p>
100 g
<br/>
48.60€/kg
</p></a></div><div class="mini_picto_bas"><img src="http://www.refonte.auchandirect.fr/static/images/DLC-garantie-30j_small.jpg"/></div></div></div></td></tr><tr><td><!-- PL : ici --><div class="bloc-produit "><div class="bloc-produit-content"><a title="Voir le produit" href="http://www.refonte.auchandirect.fr/bio-ecolo/epicerie-bio/muesli-et-fruits-secs-bio/id1/458/1286"><img src="http://www.refonte.auchandirect.fr/static/images/products/line/1286.jpg" alt="" class="produit "/></a><div class="picto"><span class="invisible"></span></div><div class="boutons-produit"><a id="addProductToBasket_166" onclick="javascript:Tapestry.waitForPage(event);" title="Ajouter au panier" class="bt-produit-ajout-panier" href="http://www.refonte.auchandirect.fr/rayon.productgridorlist.productlist_1.thumbnailproduct_0.addproducttobasket/1286?t:ac=484">Ajouter au panier</a><a id="addProductToShoppingList_245" onclick="javascript:Tapestry.waitForPage(event);" title="Ajouter à ma liste" class="bt-produit-ajout-liste" href="http://www.refonte.auchandirect.fr/rayon.productgridorlist.productlist_1.thumbnailproduct_0.addproducttoshoppinglist/1286?t:ac=484">Ajouter à ma liste</a></div><div class="infos-produit-1"><div class="prix-actuel"><span>2.92€</span></div></div><div class="infos-produit-2"><a title="Voir le produit" href="http://www.refonte.auchandirect.fr/bio-ecolo/epicerie-bio/muesli-et-fruits-secs-bio/id1/458/1286"><h2>CEREAL</h2><h4>Muesli et fruits secs bio</h4><h4></h4><p>
375 g
<br/>
7.79€/kg
</p></a></div><div class="mini_picto_bas"><img src="http://www.refonte.auchandirect.fr/static/images/DLC-garantie-30j_small.jpg"/><img src="http://www.refonte.auchandirect.fr/static/images/AB_small.jpg"/></div></div></div></td><td><!-- PL : ici --><div class="bloc-produit "><div class="bloc-produit-content"><a title="Voir le produit" href="http://www.refonte.auchandirect.fr/petit-déjeuner-epicerie-sucrée/desserts,-ingrédients/crème-de-marrons-vanillée/id1/486/100543"><img src="http://www.refonte.auchandirect.fr/static/images/products/line/100543.jpg" alt="" class="produit "/></a><div class="picto"><span class="invisible"></span></div><div class="boutons-produit"><a id="addProductToBasket_167" onclick="javascript:Tapestry.waitForPage(event);" title="Ajouter au panier" class="bt-produit-ajout-panier" href="http://www.refonte.auchandirect.fr/rayon.productgridorlist.productlist_1.thumbnailproduct_0.addproducttobasket/100543?t:ac=484">Ajouter au panier</a><a id="addProductToShoppingList_246" onclick="javascript:Tapestry.waitForPage(event);" title="Ajouter à ma liste" class="bt-produit-ajout-liste" href="http://www.refonte.auchandirect.fr/rayon.productgridorlist.productlist_1.thumbnailproduct_0.addproducttoshoppinglist/100543?t:ac=484">Ajouter à ma liste</a></div><div class="infos-produit-1"><div class="prix-actuel"><span>3.39€</span></div></div><div class="infos-produit-2"><a title="Voir le produit" href="http://www.refonte.auchandirect.fr/petit-déjeuner-epicerie-sucrée/desserts,-ingrédients/crème-de-marrons-vanillée/id1/486/100543"><h2>CLEMENT FAUGIER</h2><h4>Crème de marrons vanillée</h4><h4></h4><p>
4 x 100 g
<br/>
8.48€/kg
</p></a></div><div class="mini_picto_bas"><img src="http://www.refonte.auchandirect.fr/static/images/DLC-garantie-30j_small.jpg"/></div></div></div></td><td><!-- PL : ici --><div class="bloc-produit "><div class="bloc-produit-content"><a title="Voir le produit" href="http://www.refonte.auchandirect.fr/petit-déjeuner-epicerie-sucrée/desserts,-ingrédients/crème-de-marrons-vanillée/id1/486/100544"><img src="http://www.refonte.auchandirect.fr/static/images/products/line/100544.jpg" alt="" class="produit "/></a><div class="picto"><span class="invisible"></span></div><div class="boutons-produit"><a id="addProductToBasket_168" onclick="javascript:Tapestry.waitForPage(event);" title="Ajouter au panier" class="bt-produit-ajout-panier" href="http://www.refonte.auchandirect.fr/rayon.productgridorlist.productlist_1.thumbnailproduct_0.addproducttobasket/100544?t:ac=484">Ajouter au panier</a><a id="addProductToShoppingList_247" onclick="javascript:Tapestry.waitForPage(event);" title="Ajouter à ma liste" class="bt-produit-ajout-liste" href="http://www.refonte.auchandirect.fr/rayon.productgridorlist.productlist_1.thumbnailproduct_0.addproducttoshoppinglist/100544?t:ac=484">Ajouter à ma liste</a></div><div class="infos-produit-1"><div class="prix-actuel"><span>2.68€</span></div></div><div class="infos-produit-2"><a title="Voir le produit" href="http://www.refonte.auchandirect.fr/petit-déjeuner-epicerie-sucrée/desserts,-ingrédients/crème-de-marrons-vanillée/id1/486/100544"><h2>CLEMENT FAUGIER</h2><h4>Crème de marrons vanillée</h4><h4></h4><p>
500 g
<br/>
5.36€/kg
</p></a></div><div class="mini_picto_bas"><img src="http://www.refonte.auchandirect.fr/static/images/DLC-garantie-30j_small.jpg"/></div></div></div></td></tr><tr><td><!-- PL : ici --><div class="bloc-produit "><div class="bloc-produit-content"><a title="Voir le produit" href="http://www.refonte.auchandirect.fr/petit-déjeuner-epicerie-sucrée/bien-etre,-forme/confiture-allégée-65-de-fruits/id1/431988/100620"><img src="http://www.refonte.auchandirect.fr/static/images/products/line/100620.jpg" alt="" class="produit "/></a><div class="picto"><span class="invisible"></span></div><div class="boutons-produit"><a id="addProductToBasket_169" onclick="javascript:Tapestry.waitForPage(event);" title="Ajouter au panier" class="bt-produit-ajout-panier" href="http://www.refonte.auchandirect.fr/rayon.productgridorlist.productlist_1.thumbnailproduct_0.addproducttobasket/100620?t:ac=484">Ajouter au panier</a><a id="addProductToShoppingList_248" onclick="javascript:Tapestry.waitForPage(event);" title="Ajouter à ma liste" class="bt-produit-ajout-liste" href="http://www.refonte.auchandirect.fr/rayon.productgridorlist.productlist_1.thumbnailproduct_0.addproducttoshoppinglist/100620?t:ac=484">Ajouter à ma liste</a></div><div class="infos-produit-1"><div class="prix-actuel"><span>1.83€</span></div></div><div class="infos-produit-2"><a title="Voir le produit" href="http://www.refonte.auchandirect.fr/petit-déjeuner-epicerie-sucrée/bien-etre,-forme/confiture-allégée-65-de-fruits/id1/431988/100620"><h2>CONFIPOTE</h2><h4>Confiture allégée 65% de fruits</h4><h4>Abricot</h4><p>
350 g
<br/>
5.23€/kg
</p></a></div><div class="mini_picto_bas"><img src="http://www.refonte.auchandirect.fr/static/images/DLC-garantie-30j_small.jpg"/></div></div></div></td><td><!-- PL : ici --><div class="bloc-produit "><div class="bloc-produit-content"><a title="Voir le produit" href="http://www.refonte.auchandirect.fr/petit-déjeuner-epicerie-sucrée/bien-etre,-forme/confiture-allégée-65-de-fruits/id1/431988/100621"><img src="http://www.refonte.auchandirect.fr/static/images/products/line/100621.jpg" alt="" class="produit "/></a><div class="picto"><span class="invisible"></span></div><div class="boutons-produit"><a id="addProductToBasket_170" onclick="javascript:Tapestry.waitForPage(event);" title="Ajouter au panier" class="bt-produit-ajout-panier" href="http://www.refonte.auchandirect.fr/rayon.productgridorlist.productlist_1.thumbnailproduct_0.addproducttobasket/100621?t:ac=484">Ajouter au panier</a><a id="addProductToShoppingList_249" onclick="javascript:Tapestry.waitForPage(event);" title="Ajouter à ma liste" class="bt-produit-ajout-liste" href="http://www.refonte.auchandirect.fr/rayon.productgridorlist.productlist_1.thumbnailproduct_0.addproducttoshoppinglist/100621?t:ac=484">Ajouter à ma liste</a></div><div class="infos-produit-1"><div class="prix-actuel"><span>2.11€</span></div></div><div class="infos-produit-2"><a title="Voir le produit" href="http://www.refonte.auchandirect.fr/petit-déjeuner-epicerie-sucrée/bien-etre,-forme/confiture-allégée-65-de-fruits/id1/431988/100621"><h2>CONFIPOTE</h2><h4>Confiture allégée 65% de fruits</h4><h4>Fraise</h4><p>
350 g
<br/>
6.03€/kg
</p></a></div><div class="mini_picto_bas"><img src="http://www.refonte.auchandirect.fr/static/images/DLC-garantie-30j_small.jpg"/></div></div></div></td><td><!-- PL : ici --><div class="bloc-produit promotion"><div class="bloc-produit-content"><a title="Voir le produit" href="../lv_country-crisp-riche-en-noix,-500-g/id1/484/LV0000000749.html"><img src="http://www.refonte.auchandirect.fr/static/images/products/line/LV0000000749.jpg" alt="" class="produit "/></a><div class="picto"><span class="invisible"></span></div><img src="http://www.refonte.auchandirect.fr/static/images/le-2eme-a-50pourcent_small.png" class="ruban"/><div class="boutons-produit"><a id="addProductToBasket_171" onclick="javascript:Tapestry.waitForPage(event);" title="Ajouter au panier" class="bt-produit-ajout-panier" href="http://www.refonte.auchandirect.fr/rayon.productgridorlist.productlist_1.thumbnailproduct_0.addproducttobasket/LV0000000749?t:ac=484">Ajouter au panier</a><a id="addProductToShoppingList_250" onclick="javascript:Tapestry.waitForPage(event);" title="Ajouter à ma liste" class="bt-produit-ajout-liste" href="http://www.refonte.auchandirect.fr/rayon.productgridorlist.productlist_1.thumbnailproduct_0.addproducttoshoppinglist/LV0000000749?t:ac=484">Ajouter à ma liste</a></div><div class="infos-produit-1"><div class="prix-old">7.20€</div><div class="prix-promo">5.40€</div></div><div class="infos-produit-2"><a title="Voir le produit" href="../lv_country-crisp-riche-en-noix,-500-g/id1/484/LV0000000749.html"><h2>COUNTRY CRISP</h2><h4></h4><h4>Country Crisp riche en noix, 550 g</h4><p>

<br/>
4.91€/kg
</p></a></div><div class="mini_picto_bas"></div></div></div></td></tr><tr><td><!-- PL : ici --><div class="bloc-produit "><div class="bloc-produit-content"><a title="Voir le produit" href="http://www.refonte.auchandirect.fr/petit-déjeuner-epicerie-sucrée/petit-déjeuner/céréales-jordans/id1/484/79323"><img src="http://www.refonte.auchandirect.fr/static/images/products/line/79323.jpg" alt="" class="produit "/></a><div class="picto"><span class="invisible"></span></div><div class="boutons-produit"><a id="addProductToBasket_172" onclick="javascript:Tapestry.waitForPage(event);" title="Ajouter au panier" class="bt-produit-ajout-panier" href="http://www.refonte.auchandirect.fr/rayon.productgridorlist.productlist_1.thumbnailproduct_0.addproducttobasket/79323?t:ac=484">Ajouter au panier</a><a id="addProductToShoppingList_251" onclick="javascript:Tapestry.waitForPage(event);" title="Ajouter à ma liste" class="bt-produit-ajout-liste" href="http://www.refonte.auchandirect.fr/rayon.productgridorlist.productlist_1.thumbnailproduct_0.addproducttoshoppinglist/79323?t:ac=484">Ajouter à ma liste</a></div><div class="infos-produit-1"><div class="prix-actuel"><span>3.80€</span></div></div><div class="infos-produit-2"><a title="Voir le produit" href="http://www.refonte.auchandirect.fr/petit-déjeuner-epicerie-sucrée/petit-déjeuner/céréales-jordans/id1/484/79323"><h2>COUNTRY CRISP</h2><h4>Céréales jordans</h4><h4>Jordans</h4><p>
550 g
<br/>
6.23€/kg
</p></a></div><div class="mini_picto_bas"></div></div></div></td><td><!-- PL : ici --><div class="bloc-produit "><div class="bloc-produit-content"><a title="Voir le produit" href="http://www.refonte.auchandirect.fr/petit-déjeuner-epicerie-sucrée/petit-déjeuner/petits-pains-au-chocolat-à-cuire/id1/484/51213"><img src="http://www.refonte.auchandirect.fr/static/images/products/line/51213.jpg" alt="" class="produit "/></a><div class="picto"><span class="invisible"></span></div><div class="boutons-produit"><a id="addProductToBasket_173" onclick="javascript:Tapestry.waitForPage(event);" title="Ajouter au panier" class="bt-produit-ajout-panier" href="http://www.refonte.auchandirect.fr/rayon.productgridorlist.productlist_1.thumbnailproduct_0.addproducttobasket/51213?t:ac=484">Ajouter au panier</a><a id="addProductToShoppingList_252" onclick="javascript:Tapestry.waitForPage(event);" title="Ajouter à ma liste" class="bt-produit-ajout-liste" href="http://www.refonte.auchandirect.fr/rayon.productgridorlist.productlist_1.thumbnailproduct_0.addproducttoshoppinglist/51213?t:ac=484">Ajouter à ma liste</a></div><div class="infos-produit-1"><div class="prix-actuel"><span>2.59€</span></div></div><div class="infos-produit-2"><a title="Voir le produit" href="http://www.refonte.auchandirect.fr/petit-déjeuner-epicerie-sucrée/petit-déjeuner/petits-pains-au-chocolat-à-cuire/id1/484/51213"><h2>CROUSTIPÂTE</h2><h4>Petits pains au chocolat à cuire</h4><h4></h4><p>
290 g
<br/>
8.93€/kg
</p></a></div><div class="mini_picto_bas"><img alt="frais" src="http://www.refonte.auchandirect.fr/static/images/frais_small.jpg"/><img src="http://www.refonte.auchandirect.fr/static/images/DLC-garantie-6j_small.jpg"/></div></div></div></td><td><!-- PL : ici --><div class="bloc-produit "><div class="bloc-produit-content"><a title="Voir le produit" href="http://www.refonte.auchandirect.fr/bio-ecolo/epicerie-bio/infusion-bio-sachets/id1/458/61545"><img src="http://www.refonte.auchandirect.fr/static/images/products/line/61545.jpg" alt="" class="produit "/></a><div class="picto"><span class="invisible"></span></div><div class="boutons-produit"><a id="addProductToBasket_174" onclick="javascript:Tapestry.waitForPage(event);" title="Ajouter au panier" class="bt-produit-ajout-panier" href="http://www.refonte.auchandirect.fr/rayon.productgridorlist.productlist_1.thumbnailproduct_0.addproducttobasket/61545?t:ac=484">Ajouter au panier</a><a id="addProductToShoppingList_253" onclick="javascript:Tapestry.waitForPage(event);" title="Ajouter à ma liste" class="bt-produit-ajout-liste" href="http://www.refonte.auchandirect.fr/rayon.productgridorlist.productlist_1.thumbnailproduct_0.addproducttoshoppinglist/61545?t:ac=484">Ajouter à ma liste</a></div><div class="infos-produit-1"><div class="prix-actuel"><span>2.42€</span></div></div><div class="infos-produit-2"><a title="Voir le produit" href="http://www.refonte.auchandirect.fr/bio-ecolo/epicerie-bio/infusion-bio-sachets/id1/458/61545"><h2>ELEPHANT</h2><h4>Infusion bio sachets</h4><h4>Verveine menthe</h4><p>
33 g
<br/>
73.33€/kg
</p></a></div><div class="mini_picto_bas"><img src="http://www.refonte.auchandirect.fr/static/images/DLC-garantie-30j_small.jpg"/><img src="http://www.refonte.auchandirect.fr/static/images/AB_small.jpg"/></div></div></div></td></tr><tr><td><!-- PL : ici --><div class="bloc-produit "><div class="bloc-produit-content"><a title="Voir le produit" href="http://www.refonte.auchandirect.fr/bio-ecolo/epicerie-bio/infusion-bio-sachets/id1/458/61548"><img src="http://www.refonte.auchandirect.fr/static/images/products/line/61548.jpg" alt="" class="produit "/></a><div class="picto"><span class="invisible"></span></div><div class="boutons-produit"><a id="addProductToBasket_175" onclick="javascript:Tapestry.waitForPage(event);" title="Ajouter au panier" class="bt-produit-ajout-panier" href="http://www.refonte.auchandirect.fr/rayon.productgridorlist.productlist_1.thumbnailproduct_0.addproducttobasket/61548?t:ac=484">Ajouter au panier</a><a id="addProductToShoppingList_254" onclick="javascript:Tapestry.waitForPage(event);" title="Ajouter à ma liste" class="bt-produit-ajout-liste" href="http://www.refonte.auchandirect.fr/rayon.productgridorlist.productlist_1.thumbnailproduct_0.addproducttoshoppinglist/61548?t:ac=484">Ajouter à ma liste</a></div><div class="infos-produit-1"><div class="prix-actuel"><span>2.42€</span></div></div><div class="infos-produit-2"><a title="Voir le produit" href="http://www.refonte.auchandirect.fr/bio-ecolo/epicerie-bio/infusion-bio-sachets/id1/458/61548"><h2>ELEPHANT</h2><h4>Infusion bio sachets</h4><h4>Verveine</h4><p>
33 g
<br/>
73.33€/kg
</p></a></div><div class="mini_picto_bas"><img src="http://www.refonte.auchandirect.fr/static/images/DLC-garantie-30j_small.jpg"/><img src="http://www.refonte.auchandirect.fr/static/images/AB_small.jpg"/></div></div></div></td><td><!-- PL : ici --><div class="bloc-produit "><div class="bloc-produit-content"><a title="Voir le produit" href="http://www.refonte.auchandirect.fr/bio-ecolo/epicerie-bio/infusion-bio/id1/458/61611"><img src="http://www.refonte.auchandirect.fr/static/images/products/line/61611.jpg" alt="" class="produit "/></a><div class="picto"><span class="invisible"></span></div><div class="boutons-produit"><a id="addProductToBasket_176" onclick="javascript:Tapestry.waitForPage(event);" title="Ajouter au panier" class="bt-produit-ajout-panier" href="http://www.refonte.auchandirect.fr/rayon.productgridorlist.productlist_1.thumbnailproduct_0.addproducttobasket/61611?t:ac=484">Ajouter au panier</a><a id="addProductToShoppingList_255" onclick="javascript:Tapestry.waitForPage(event);" title="Ajouter à ma liste" class="bt-produit-ajout-liste" href="http://www.refonte.auchandirect.fr/rayon.productgridorlist.productlist_1.thumbnailproduct_0.addproducttoshoppinglist/61611?t:ac=484">Ajouter à ma liste</a></div><div class="infos-produit-1"><div class="prix-actuel"><span>2.35€</span></div></div><div class="infos-produit-2"><a title="Voir le produit" href="http://www.refonte.auchandirect.fr/bio-ecolo/epicerie-bio/infusion-bio/id1/458/61611"><h2>ELEPHANT</h2><h4>Infusion bio</h4><h4>Tilleul</h4><p>
40 g
<br/>
58.75€/kg
</p></a></div><div class="mini_picto_bas"><img src="http://www.refonte.auchandirect.fr/static/images/DLC-garantie-30j_small.jpg"/><img src="http://www.refonte.auchandirect.fr/static/images/AB_small.jpg"/></div></div></div></td><td><!-- PL : ici --><div class="bloc-produit "><div class="bloc-produit-content"><a title="Voir le produit" href="http://www.refonte.auchandirect.fr/petit-déjeuner-epicerie-sucrée/petit-déjeuner/infusion/id1/484/14118"><img src="http://www.refonte.auchandirect.fr/static/images/products/line/14118.jpg" alt="" class="produit "/></a><div class="picto"><span class="invisible"></span></div><div class="boutons-produit"><a id="addProductToBasket_177" onclick="javascript:Tapestry.waitForPage(event);" title="Ajouter au panier" class="bt-produit-ajout-panier" href="http://www.refonte.auchandirect.fr/rayon.productgridorlist.productlist_1.thumbnailproduct_0.addproducttobasket/14118?t:ac=484">Ajouter au panier</a><a id="addProductToShoppingList_256" onclick="javascript:Tapestry.waitForPage(event);" title="Ajouter à ma liste" class="bt-produit-ajout-liste" href="http://www.refonte.auchandirect.fr/rayon.productgridorlist.productlist_1.thumbnailproduct_0.addproducttoshoppinglist/14118?t:ac=484">Ajouter à ma liste</a></div><div class="infos-produit-1"><div class="prix-actuel"><span>1.89€</span></div></div><div class="infos-produit-2"><a title="Voir le produit" href="http://www.refonte.auchandirect.fr/petit-déjeuner-epicerie-sucrée/petit-déjeuner/infusion/id1/484/14118"><h2>ELEPHANT</h2><h4>Infusion</h4><h4>Pomme cannelle</h4><p>
55 g
<br/>
34.36€/kg
</p></a></div><div class="mini_picto_bas"><img src="http://www.refonte.auchandirect.fr/static/images/DLC-garantie-30j_small.jpg"/></div></div></div></td></tr><tr><td><!-- PL : ici --><div class="bloc-produit "><div class="bloc-produit-content"><a title="Voir le produit" href="http://www.refonte.auchandirect.fr/petit-déjeuner-epicerie-sucrée/petit-déjeuner/infusion/id1/484/28701"><img src="http://www.refonte.auchandirect.fr/static/images/products/line/28701.jpg" alt="" class="produit "/></a><div class="picto"><span class="invisible"></span></div><div class="boutons-produit"><a id="addProductToBasket_178" onclick="javascript:Tapestry.waitForPage(event);" title="Ajouter au panier" class="bt-produit-ajout-panier" href="http://www.refonte.auchandirect.fr/rayon.productgridorlist.productlist_1.thumbnailproduct_0.addproducttobasket/28701?t:ac=484">Ajouter au panier</a><a id="addProductToShoppingList_257" onclick="javascript:Tapestry.waitForPage(event);" title="Ajouter à ma liste" class="bt-produit-ajout-liste" href="http://www.refonte.auchandirect.fr/rayon.productgridorlist.productlist_1.thumbnailproduct_0.addproducttoshoppinglist/28701?t:ac=484">Ajouter à ma liste</a></div><div class="infos-produit-1"><div class="prix-actuel"><span>1.88€</span></div></div><div class="infos-produit-2"><a title="Voir le produit" href="http://www.refonte.auchandirect.fr/petit-déjeuner-epicerie-sucrée/petit-déjeuner/infusion/id1/484/28701"><h2>ELEPHANT</h2><h4>Infusion</h4><h4>Fruits rouges</h4><p>
45 g
<br/>
41.78€/kg
</p></a></div><div class="mini_picto_bas"><img src="http://www.refonte.auchandirect.fr/static/images/DLC-garantie-30j_small.jpg"/></div></div></div></td><td><!-- PL : ici --><div class="bloc-produit  bientot-dispo"><div class="bloc-produit-content"><a title="Voir le produit" href="http://www.refonte.auchandirect.fr/petit-déjeuner-epicerie-sucrée/petit-déjeuner/infusion-nuit-tranquille/id1/484/41189"><img src="http://www.refonte.auchandirect.fr/static/images/products/line/41189.jpg" alt="" class="produit "/></a><div class="picto"><span class="invisible"></span></div><div class="boutons-produit"><a class="bt-produit-ajout-panier disable" title="Bientôt disponible" href="javascript:void(0)">Bientôt disponible</a><a id="addProductToShoppingList_258" onclick="javascript:Tapestry.waitForPage(event);" title="Ajouter à ma liste" class="bt-produit-ajout-liste" href="http://www.refonte.auchandirect.fr/rayon.productgridorlist.productlist_1.thumbnailproduct_0.addproducttoshoppinglist/41189?t:ac=484">Ajouter à ma liste</a></div><div class="infos-produit-1"><div class="prix-actuel"><span>2.25€</span></div></div><div class="infos-produit-2"><a title="Voir le produit" href="http://www.refonte.auchandirect.fr/petit-déjeuner-epicerie-sucrée/petit-déjeuner/infusion-nuit-tranquille/id1/484/41189"><h2>ELEPHANT</h2><h4>Infusion Nuit tranquille</h4><h4>Tilleul camomille et oranger doux</h4><p>
38 g
<br/>
59.21€/kg
</p></a></div><div class="mini_picto_bas"><img src="http://www.refonte.auchandirect.fr/static/images/DLC-garantie-30j_small.jpg"/></div></div></div></td><td><!-- PL : ici --><div class="bloc-produit "><div class="bloc-produit-content"><a title="Voir le produit" href="http://www.refonte.auchandirect.fr/petit-déjeuner-epicerie-sucrée/petit-déjeuner/infusion-elimination-et-bien-être/id1/484/43347"><img src="http://www.refonte.auchandirect.fr/static/images/products/line/43347.jpg" alt="" class="produit "/></a><div class="picto"><span class="invisible"></span></div><div class="boutons-produit"><a id="addProductToBasket_179" onclick="javascript:Tapestry.waitForPage(event);" title="Ajouter au panier" class="bt-produit-ajout-panier" href="http://www.refonte.auchandirect.fr/rayon.productgridorlist.productlist_1.thumbnailproduct_0.addproducttobasket/43347?t:ac=484">Ajouter au panier</a><a id="addProductToShoppingList_259" onclick="javascript:Tapestry.waitForPage(event);" title="Ajouter à ma liste" class="bt-produit-ajout-liste" href="http://www.refonte.auchandirect.fr/rayon.productgridorlist.productlist_1.thumbnailproduct_0.addproducttoshoppinglist/43347?t:ac=484">Ajouter à ma liste</a></div><div class="infos-produit-1"><div class="prix-actuel"><span>2.36€</span></div></div><div class="infos-produit-2"><a title="Voir le produit" href="http://www.refonte.auchandirect.fr/petit-déjeuner-epicerie-sucrée/petit-déjeuner/infusion-elimination-et-bien-être/id1/484/43347"><h2>ELEPHANT</h2><h4>Infusion Elimination et bien être</h4><h4>Queue de cerise et cassis</h4><p>
55 g
<br/>
42.91€/kg
</p></a></div><div class="mini_picto_bas"><img src="http://www.refonte.auchandirect.fr/static/images/DLC-garantie-30j_small.jpg"/></div></div></div></td></tr><tr><td><!-- PL : ici --><div class="bloc-produit  bientot-dispo"><div class="bloc-produit-content"><a title="Voir le produit" href="http://www.refonte.auchandirect.fr/petit-déjeuner-epicerie-sucrée/petit-déjeuner/capsules-biogradables-de-café-x-10/id1/484/97544"><img src="http://www.refonte.auchandirect.fr/static/images/products/line/97544.jpg" alt="" class="produit "/></a><div class="picto"><span class="invisible"></span></div><div class="boutons-produit"><a class="bt-produit-ajout-panier disable" title="Bientôt disponible" href="javascript:void(0)">Bientôt disponible</a><a id="addProductToShoppingList_260" onclick="javascript:Tapestry.waitForPage(event);" title="Ajouter à ma liste" class="bt-produit-ajout-liste" href="http://www.refonte.auchandirect.fr/rayon.productgridorlist.productlist_1.thumbnailproduct_0.addproducttoshoppinglist/97544?t:ac=484">Ajouter à ma liste</a></div><div class="infos-produit-1"><div class="prix-actuel"><span>3.11€</span></div></div><div class="infos-produit-2"><a title="Voir le produit" href="http://www.refonte.auchandirect.fr/petit-déjeuner-epicerie-sucrée/petit-déjeuner/capsules-biogradables-de-café-x-10/id1/484/97544"><h2>ETHICAL COFFEE</h2><h4>Capsules biogradables de café x 10</h4><h4>Expresso</h4><p>
50 g
<br/>
62.20€/kg
</p></a></div><div class="mini_picto_bas"></div></div></div></td><td><!-- PL : ici --><div class="bloc-produit  bientot-dispo"><div class="bloc-produit-content"><a title="Voir le produit" href="http://www.refonte.auchandirect.fr/petit-déjeuner-epicerie-sucrée/petit-déjeuner/capsules-biogradables-de-café-x-10/id1/484/97545"><img src="http://www.refonte.auchandirect.fr/static/images/products/line/97545.jpg" alt="" class="produit "/></a><div class="picto"><span class="invisible"></span></div><div class="boutons-produit"><a class="bt-produit-ajout-panier disable" title="Bientôt disponible" href="javascript:void(0)">Bientôt disponible</a><a id="addProductToShoppingList_261" onclick="javascript:Tapestry.waitForPage(event);" title="Ajouter à ma liste" class="bt-produit-ajout-liste" href="http://www.refonte.auchandirect.fr/rayon.productgridorlist.productlist_1.thumbnailproduct_0.addproducttoshoppinglist/97545?t:ac=484">Ajouter à ma liste</a></div><div class="infos-produit-1"><div class="prix-actuel"><span>3.11€</span></div></div><div class="infos-produit-2"><a title="Voir le produit" href="http://www.refonte.auchandirect.fr/petit-déjeuner-epicerie-sucrée/petit-déjeuner/capsules-biogradables-de-café-x-10/id1/484/97545"><h2>ETHICAL COFFEE</h2><h4>Capsules biogradables de café x 10</h4><h4>Crémoso</h4><p>
50 g
<br/>
62.20€/kg
</p></a></div><div class="mini_picto_bas"></div></div></div></td><td><!-- PL : ici --><div class="bloc-produit  bientot-dispo"><div class="bloc-produit-content"><a title="Voir le produit" href="http://www.refonte.auchandirect.fr/petit-déjeuner-epicerie-sucrée/petit-déjeuner/capsules-biogradables-de-café-x-10/id1/484/97552"><img src="http://www.refonte.auchandirect.fr/static/images/products/line/97552.jpg" alt="" class="produit "/></a><div class="picto"><span class="invisible"></span></div><div class="boutons-produit"><a class="bt-produit-ajout-panier disable" title="Bientôt disponible" href="javascript:void(0)">Bientôt disponible</a><a id="addProductToShoppingList_262" onclick="javascript:Tapestry.waitForPage(event);" title="Ajouter à ma liste" class="bt-produit-ajout-liste" href="http://www.refonte.auchandirect.fr/rayon.productgridorlist.productlist_1.thumbnailproduct_0.addproducttoshoppinglist/97552?t:ac=484">Ajouter à ma liste</a></div><div class="infos-produit-1"><div class="prix-actuel"><span>3.11€</span></div></div><div class="infos-produit-2"><a title="Voir le produit" href="http://www.refonte.auchandirect.fr/petit-déjeuner-epicerie-sucrée/petit-déjeuner/capsules-biogradables-de-café-x-10/id1/484/97552"><h2>ETHICAL COFFEE</h2><h4>Capsules biogradables de café x 10</h4><h4>Lungo</h4><p>
50 g
<br/>
62.20€/kg
</p></a></div><div class="mini_picto_bas"></div></div></div></td></tr><tr><td><!-- PL : ici --><div class="bloc-produit "><div class="bloc-produit-content"><a title="Voir le produit" href="http://www.refonte.auchandirect.fr/petit-déjeuner-epicerie-sucrée/petit-déjeuner/capsules-biogradables-de-café-x-10/id1/484/97553"><img src="http://www.refonte.auchandirect.fr/static/images/products/line/97553.jpg" alt="" class="produit "/></a><div class="picto"><span class="invisible"></span></div><div class="boutons-produit"><a id="addProductToBasket_180" onclick="javascript:Tapestry.waitForPage(event);" title="Ajouter au panier" class="bt-produit-ajout-panier" href="http://www.refonte.auchandirect.fr/rayon.productgridorlist.productlist_1.thumbnailproduct_0.addproducttobasket/97553?t:ac=484">Ajouter au panier</a><a id="addProductToShoppingList_263" onclick="javascript:Tapestry.waitForPage(event);" title="Ajouter à ma liste" class="bt-produit-ajout-liste" href="http://www.refonte.auchandirect.fr/rayon.productgridorlist.productlist_1.thumbnailproduct_0.addproducttoshoppinglist/97553?t:ac=484">Ajouter à ma liste</a></div><div class="infos-produit-1"><div class="prix-actuel"><span>3.11€</span></div></div><div class="infos-produit-2"><a title="Voir le produit" href="http://www.refonte.auchandirect.fr/petit-déjeuner-epicerie-sucrée/petit-déjeuner/capsules-biogradables-de-café-x-10/id1/484/97553"><h2>ETHICAL COFFEE</h2><h4>Capsules biogradables de café x 10</h4><h4>Décaféiné</h4><p>
50 g
<br/>
62.20€/kg
</p></a></div><div class="mini_picto_bas"></div></div></div></td><td><!-- PL : ici --><div class="bloc-produit promotion"><div class="bloc-produit-content"><a title="Voir le produit" href="../caf%25C3%25A9-moulu-du-p%25C3%25A9rou/id1/484/55433.html"><img src="http://www.refonte.auchandirect.fr/static/images/products/line/55433.jpg" alt="" class="produit "/></a><div class="picto"><span class="invisible"></span></div><img src="http://www.refonte.auchandirect.fr/static/images/promo_small.png" class="ruban"/><div class="boutons-produit"><a id="addProductToBasket_181" onclick="javascript:Tapestry.waitForPage(event);" title="Ajouter au panier" class="bt-produit-ajout-panier" href="http://www.refonte.auchandirect.fr/rayon.productgridorlist.productlist_1.thumbnailproduct_0.addproducttobasket/55433?t:ac=484">Ajouter au panier</a><a id="addProductToShoppingList_264" onclick="javascript:Tapestry.waitForPage(event);" title="Ajouter à ma liste" class="bt-produit-ajout-liste" href="http://www.refonte.auchandirect.fr/rayon.productgridorlist.productlist_1.thumbnailproduct_0.addproducttoshoppinglist/55433?t:ac=484">Ajouter à ma liste</a></div><div class="infos-produit-1"><div class="prix-actuel"><span>4.99€</span></div></div><div class="infos-produit-2"><a title="Voir le produit" href="../caf%25C3%25A9-moulu-du-p%25C3%25A9rou/id1/484/55433.html"><h2>ETHIQUABLE</h2><h4>Café moulu du Pérou</h4><h4></h4><p>
250 g
<br/>
19.96€/kg
</p></a></div><div class="mini_picto_bas"></div></div></div></td><td><!-- PL : ici --><div class="bloc-produit "><div class="bloc-produit-content"><a title="Voir le produit" href="http://www.refonte.auchandirect.fr/bio-ecolo/boissons-bio/jus-d'orange-du-brésil/id1/455/96723"><img src="http://www.refonte.auchandirect.fr/static/images/products/line/96723.jpg" alt="" class="produit "/></a><div class="picto"><span class="invisible"></span></div><div class="boutons-produit"><a id="addProductToBasket_182" onclick="javascript:Tapestry.waitForPage(event);" title="Ajouter au panier" class="bt-produit-ajout-panier" href="http://www.refonte.auchandirect.fr/rayon.productgridorlist.productlist_1.thumbnailproduct_0.addproducttobasket/96723?t:ac=484">Ajouter au panier</a><a id="addProductToShoppingList_265" onclick="javascript:Tapestry.waitForPage(event);" title="Ajouter à ma liste" class="bt-produit-ajout-liste" href="http://www.refonte.auchandirect.fr/rayon.productgridorlist.productlist_1.thumbnailproduct_0.addproducttoshoppinglist/96723?t:ac=484">Ajouter à ma liste</a></div><div class="infos-produit-1"><div class="prix-actuel"><span>2.50€</span></div></div><div class="infos-produit-2"><a title="Voir le produit" href="http://www.refonte.auchandirect.fr/bio-ecolo/boissons-bio/jus-d'orange-du-brésil/id1/455/96723"><h2>ETHIQUABLE</h2><h4>Jus d'orange du Brésil</h4><h4></h4><p>
1 l
<br/>
2.50€/l
</p></a></div><div class="mini_picto_bas"><img src="http://www.refonte.auchandirect.fr/static/images/AB_small.jpg"/></div></div></div></td></tr><tr><td><!-- PL : ici --><div class="bloc-produit "><div class="bloc-produit-content"><a title="Voir le produit" href="http://www.refonte.auchandirect.fr/boissons/jus,-softs/nectar-de-citron-vert-du-brésil/id1/476/96726"><img src="http://www.refonte.auchandirect.fr/static/images/products/line/96726.jpg" alt="" class="produit "/></a><div class="picto"><span class="invisible"></span></div><div class="boutons-produit"><a id="addProductToBasket_183" onclick="javascript:Tapestry.waitForPage(event);" title="Ajouter au panier" class="bt-produit-ajout-panier" href="http://www.refonte.auchandirect.fr/rayon.productgridorlist.productlist_1.thumbnailproduct_0.addproducttobasket/96726?t:ac=484">Ajouter au panier</a><a id="addProductToShoppingList_266" onclick="javascript:Tapestry.waitForPage(event);" title="Ajouter à ma liste" class="bt-produit-ajout-liste" href="http://www.refonte.auchandirect.fr/rayon.productgridorlist.productlist_1.thumbnailproduct_0.addproducttoshoppinglist/96726?t:ac=484">Ajouter à ma liste</a></div><div class="infos-produit-1"><div class="prix-actuel"><span>2.82€</span></div></div><div class="infos-produit-2"><a title="Voir le produit" href="http://www.refonte.auchandirect.fr/boissons/jus,-softs/nectar-de-citron-vert-du-brésil/id1/476/96726"><h2>ETHIQUABLE</h2><h4>Nectar de citron vert du Brésil</h4><h4></h4><p>
1 l
<br/>
2.82€/l
</p></a></div><div class="mini_picto_bas"></div></div></div></td><td><!-- PL : ici --><div class="bloc-produit "><div class="bloc-produit-content"><a title="Voir le produit" href="http://www.refonte.auchandirect.fr/boissons/jus,-softs/jus-d'orange-en-brique/id1/476/40338"><img src="http://www.refonte.auchandirect.fr/static/images/products/line/40338.jpg" alt="" class="produit "/></a><div class="picto"><span class="invisible"></span></div><div class="boutons-produit"><a id="addProductToBasket_184" onclick="javascript:Tapestry.waitForPage(event);" title="Ajouter au panier" class="bt-produit-ajout-panier" href="http://www.refonte.auchandirect.fr/rayon.productgridorlist.productlist_1.thumbnailproduct_0.addproducttobasket/40338?t:ac=484">Ajouter au panier</a><a id="addProductToShoppingList_267" onclick="javascript:Tapestry.waitForPage(event);" title="Ajouter à ma liste" class="bt-produit-ajout-liste" href="http://www.refonte.auchandirect.fr/rayon.productgridorlist.productlist_1.thumbnailproduct_0.addproducttoshoppinglist/40338?t:ac=484">Ajouter à ma liste</a></div><div class="infos-produit-1"><div class="prix-actuel"><span>1.98€</span></div></div><div class="infos-produit-2"><a title="Voir le produit" href="http://www.refonte.auchandirect.fr/boissons/jus,-softs/jus-d'orange-en-brique/id1/476/40338"><h2>FRUITE</h2><h4>Jus d'orange en brique</h4><h4></h4><p>
1, 5 l
<br/>
1.32€/l
</p></a></div><div class="mini_picto_bas"></div></div></div></td><td><!-- PL : ici --><div class="bloc-produit  bientot-dispo"><div class="bloc-produit-content"><a title="Voir le produit" href="http://www.refonte.auchandirect.fr/bébé/laits-bébé/croissance-(12-mois-à-3-ans)/id1/487/23687"><img src="http://www.refonte.auchandirect.fr/static/images/products/line/23687.jpg" alt="" class="produit "/></a><div class="picto"><span class="invisible"></span></div><div class="boutons-produit"><a class="bt-produit-ajout-panier disable" title="Bientôt disponible" href="javascript:void(0)">Bientôt disponible</a><a id="addProductToShoppingList_268" onclick="javascript:Tapestry.waitForPage(event);" title="Ajouter à ma liste" class="bt-produit-ajout-liste" href="http://www.refonte.auchandirect.fr/rayon.productgridorlist.productlist_1.thumbnailproduct_0.addproducttoshoppinglist/23687?t:ac=484">Ajouter à ma liste</a></div><div class="infos-produit-1"><div class="prix-actuel"><span>5.70€</span></div></div><div class="infos-produit-2"><a title="Voir le produit" href="http://www.refonte.auchandirect.fr/bébé/laits-bébé/croissance-(12-mois-à-3-ans)/id1/487/23687"><h2>GALLIA</h2><h4>Croissance (12 mois à 3 ans)</h4><h4>Calisma 3</h4><p>
4 x 500 ml
<br/>
2.85€/l
</p></a></div><div class="mini_picto_bas"><img src="http://www.refonte.auchandirect.fr/static/images/DLC-garantie-30j_small.jpg"/></div></div></div></td></tr><tr><td><!-- PL : ici --><div class="bloc-produit "><div class="bloc-produit-content"><a title="Voir le produit" href="http://www.refonte.auchandirect.fr/boissons/jus,-softs/jus-de-cranberry/id1/476/55397"><img src="http://www.refonte.auchandirect.fr/static/images/products/line/55397.jpg" alt="" class="produit "/></a><div class="picto"><span class="invisible"></span></div><div class="boutons-produit"><a id="addProductToBasket_185" onclick="javascript:Tapestry.waitForPage(event);" title="Ajouter au panier" class="bt-produit-ajout-panier" href="http://www.refonte.auchandirect.fr/rayon.productgridorlist.productlist_1.thumbnailproduct_0.addproducttobasket/55397?t:ac=484">Ajouter au panier</a><a id="addProductToShoppingList_269" onclick="javascript:Tapestry.waitForPage(event);" title="Ajouter à ma liste" class="bt-produit-ajout-liste" href="http://www.refonte.auchandirect.fr/rayon.productgridorlist.productlist_1.thumbnailproduct_0.addproducttoshoppinglist/55397?t:ac=484">Ajouter à ma liste</a></div><div class="infos-produit-1"><div class="prix-actuel"><span>3.44€</span></div></div><div class="infos-produit-2"><a title="Voir le produit" href="http://www.refonte.auchandirect.fr/boissons/jus,-softs/jus-de-cranberry/id1/476/55397"><h2>GAYELORD HAUSER</h2><h4>Jus de cranberry</h4><h4></h4><p>
75 cl
<br/>
4.59€/l
</p></a></div><div class="mini_picto_bas"></div></div></div></td><td><!-- PL : ici --><div class="bloc-produit "><div class="bloc-produit-content"><a title="Voir le produit" href="http://www.refonte.auchandirect.fr/boissons/jus,-softs/nectar-de-pruneaux/id1/476/3090"><img src="http://www.refonte.auchandirect.fr/static/images/products/line/3090.jpg" alt="" class="produit "/></a><div class="picto"><span class="invisible"></span></div><div class="boutons-produit"><a id="addProductToBasket_186" onclick="javascript:Tapestry.waitForPage(event);" title="Ajouter au panier" class="bt-produit-ajout-panier" href="http://www.refonte.auchandirect.fr/rayon.productgridorlist.productlist_1.thumbnailproduct_0.addproducttobasket/3090?t:ac=484">Ajouter au panier</a><a id="addProductToShoppingList_270" onclick="javascript:Tapestry.waitForPage(event);" title="Ajouter à ma liste" class="bt-produit-ajout-liste" href="http://www.refonte.auchandirect.fr/rayon.productgridorlist.productlist_1.thumbnailproduct_0.addproducttoshoppinglist/3090?t:ac=484">Ajouter à ma liste</a></div><div class="infos-produit-1"><div class="prix-actuel"><span>3.50€</span></div></div><div class="infos-produit-2"><a title="Voir le produit" href="http://www.refonte.auchandirect.fr/boissons/jus,-softs/nectar-de-pruneaux/id1/476/3090"><h2>GAYELORD HAUSER</h2><h4>Nectar de pruneaux</h4><h4>Bien-être</h4><p>
75 cl
<br/>
4.67€/l
</p></a></div><div class="mini_picto_bas"></div></div></div></td><td><!-- PL : ici --><div class="bloc-produit  bientot-dispo"><div class="bloc-produit-content"><a title="Voir le produit" href="http://www.refonte.auchandirect.fr/petit-déjeuner-epicerie-sucrée/petit-déjeuner/café-moulu-décaféiné/id1/484/101016"><img src="http://www.refonte.auchandirect.fr/static/images/products/line/101016.jpg" alt="" class="produit "/></a><div class="picto"><span class="invisible"></span></div><div class="boutons-produit"><a class="bt-produit-ajout-panier disable" title="Bientôt disponible" href="javascript:void(0)">Bientôt disponible</a><a id="addProductToShoppingList_271" onclick="javascript:Tapestry.waitForPage(event);" title="Ajouter à ma liste" class="bt-produit-ajout-liste" href="http://www.refonte.auchandirect.fr/rayon.productgridorlist.productlist_1.thumbnailproduct_0.addproducttoshoppinglist/101016?t:ac=484">Ajouter à ma liste</a></div><div class="infos-produit-1"><div class="prix-actuel"><span>2.14€</span></div></div><div class="infos-produit-2"><a title="Voir le produit" href="http://www.refonte.auchandirect.fr/petit-déjeuner-epicerie-sucrée/petit-déjeuner/café-moulu-décaféiné/id1/484/101016"><h2>GRAND'MERE</h2><h4>Café moulu décaféiné</h4><h4>Bonne nuit</h4><p>
250 g
<br/>
8.56€/kg
</p></a></div><div class="mini_picto_bas"><img src="http://www.refonte.auchandirect.fr/static/images/DLC-garantie-30j_small.jpg"/></div></div></div></td></tr><tr><td><!-- PL : ici --><div class="bloc-produit  bientot-dispo"><div class="bloc-produit-content"><a title="Voir le produit" href="http://www.refonte.auchandirect.fr/petit-déjeuner-epicerie-sucrée/petit-déjeuner/café-moulu/id1/484/100798"><img src="http://www.refonte.auchandirect.fr/static/images/products/line/100798.jpg" alt="" class="produit "/></a><div class="picto"><span class="invisible"></span></div><div class="boutons-produit"><a class="bt-produit-ajout-panier disable" title="Bientôt disponible" href="javascript:void(0)">Bientôt disponible</a><a id="addProductToShoppingList_272" onclick="javascript:Tapestry.waitForPage(event);" title="Ajouter à ma liste" class="bt-produit-ajout-liste" href="http://www.refonte.auchandirect.fr/rayon.productgridorlist.productlist_1.thumbnailproduct_0.addproducttoshoppinglist/100798?t:ac=484">Ajouter à ma liste</a></div><div class="infos-produit-1"><div class="prix-actuel"><span>1.99€</span></div></div><div class="infos-produit-2"><a title="Voir le produit" href="http://www.refonte.auchandirect.fr/petit-déjeuner-epicerie-sucrée/petit-déjeuner/café-moulu/id1/484/100798"><h2>GRAND'MERE</h2><h4>Café moulu</h4><h4>Familial</h4><p>
250 g
<br/>
7.96€/kg
</p></a></div><div class="mini_picto_bas"><img src="http://www.refonte.auchandirect.fr/static/images/DLC-garantie-30j_small.jpg"/></div></div></div></td><td><!-- PL : ici --><div class="bloc-produit  bientot-dispo"><div class="bloc-produit-content"><a title="Voir le produit" href="http://www.refonte.auchandirect.fr/petit-déjeuner-epicerie-sucrée/petit-déjeuner/cafe-moulu/id1/484/100868"><img src="http://www.refonte.auchandirect.fr/static/images/products/line/100868.jpg" alt="" class="produit "/></a><div class="picto"><span class="invisible"></span></div><div class="boutons-produit"><a class="bt-produit-ajout-panier disable" title="Bientôt disponible" href="javascript:void(0)">Bientôt disponible</a><a id="addProductToShoppingList_273" onclick="javascript:Tapestry.waitForPage(event);" title="Ajouter à ma liste" class="bt-produit-ajout-liste" href="http://www.refonte.auchandirect.fr/rayon.productgridorlist.productlist_1.thumbnailproduct_0.addproducttoshoppinglist/100868?t:ac=484">Ajouter à ma liste</a></div><div class="infos-produit-1"><div class="prix-actuel"><span>6.90€</span></div></div><div class="infos-produit-2"><a title="Voir le produit" href="http://www.refonte.auchandirect.fr/petit-déjeuner-epicerie-sucrée/petit-déjeuner/cafe-moulu/id1/484/100868"><h2>GRAND'MERE</h2><h4>Cafe moulu</h4><h4>Familial</h4><p>
1 kg
<br/>
6.90€/kg
</p></a></div><div class="mini_picto_bas"><img src="http://www.refonte.auchandirect.fr/static/images/DLC-garantie-30j_small.jpg"/></div></div></div></td><td><!-- PL : ici --><div class="bloc-produit "><div class="bloc-produit-content"><a title="Voir le produit" href="http://www.refonte.auchandirect.fr/petit-déjeuner-epicerie-sucrée/petit-déjeuner/café-pur-arabica-moulu/id1/484/41294"><img src="http://www.refonte.auchandirect.fr/static/images/products/line/41294.jpg" alt="" class="produit "/></a><div class="picto"><span class="invisible"></span></div><div class="boutons-produit"><a id="addProductToBasket_187" onclick="javascript:Tapestry.waitForPage(event);" title="Ajouter au panier" class="bt-produit-ajout-panier" href="http://www.refonte.auchandirect.fr/rayon.productgridorlist.productlist_1.thumbnailproduct_0.addproducttobasket/41294?t:ac=484">Ajouter au panier</a><a id="addProductToShoppingList_274" onclick="javascript:Tapestry.waitForPage(event);" title="Ajouter à ma liste" class="bt-produit-ajout-liste" href="http://www.refonte.auchandirect.fr/rayon.productgridorlist.productlist_1.thumbnailproduct_0.addproducttoshoppinglist/41294?t:ac=484">Ajouter à ma liste</a></div><div class="infos-produit-1"><div class="prix-actuel"><span>5.06€</span></div></div><div class="infos-produit-2"><a title="Voir le produit" href="http://www.refonte.auchandirect.fr/petit-déjeuner-epicerie-sucrée/petit-déjeuner/café-pur-arabica-moulu/id1/484/41294"><h2>GRAND'MERE</h2><h4>Café pur arabica moulu</h4><h4>Dégustation</h4><p>
2 x 250 g
<br/>
10.12€/kg
</p></a></div><div class="mini_picto_bas"><img src="http://www.refonte.auchandirect.fr/static/images/DLC-garantie-30j_small.jpg"/></div></div></div></td></tr><tr><td><!-- PL : ici --><div class="bloc-produit "><div class="bloc-produit-content"><a title="Voir le produit" href="http://www.refonte.auchandirect.fr/petit-déjeuner-epicerie-sucrée/petit-déjeuner/café-moulu-pur-arabica-doux/id1/484/100861"><img src="http://www.refonte.auchandirect.fr/static/images/products/line/100861.jpg" alt="" class="produit "/></a><div class="picto"><span class="invisible"></span></div><div class="boutons-produit"><a id="addProductToBasket_188" onclick="javascript:Tapestry.waitForPage(event);" title="Ajouter au panier" class="bt-produit-ajout-panier" href="http://www.refonte.auchandirect.fr/rayon.productgridorlist.productlist_1.thumbnailproduct_0.addproducttobasket/100861?t:ac=484">Ajouter au panier</a><a id="addProductToShoppingList_275" onclick="javascript:Tapestry.waitForPage(event);" title="Ajouter à ma liste" class="bt-produit-ajout-liste" href="http://www.refonte.auchandirect.fr/rayon.productgridorlist.productlist_1.thumbnailproduct_0.addproducttoshoppinglist/100861?t:ac=484">Ajouter à ma liste</a></div><div class="infos-produit-1"><div class="prix-actuel"><span>3.10€</span></div></div><div class="infos-produit-2"><a title="Voir le produit" href="http://www.refonte.auchandirect.fr/petit-déjeuner-epicerie-sucrée/petit-déjeuner/café-moulu-pur-arabica-doux/id1/484/100861"><h2>GRAND'MERE</h2><h4>Café moulu pur arabica doux</h4><h4>Dégustation</h4><p>
250 g
<br/>
12.40€/kg
</p></a></div><div class="mini_picto_bas"><img src="http://www.refonte.auchandirect.fr/static/images/DLC-garantie-30j_small.jpg"/></div></div></div></td><td><!-- PL : ici --><div class="bloc-produit "><div class="bloc-produit-content"><a title="Voir le produit" href="http://www.refonte.auchandirect.fr/boissons/jus,-softs/jus-de-mangue/id1/476/33759"><img src="http://www.refonte.auchandirect.fr/static/images/products/line/33759.jpg" alt="" class="produit "/></a><div class="picto"><span class="invisible"></span></div><div class="boutons-produit"><a id="addProductToBasket_189" onclick="javascript:Tapestry.waitForPage(event);" title="Ajouter au panier" class="bt-produit-ajout-panier" href="http://www.refonte.auchandirect.fr/rayon.productgridorlist.productlist_1.thumbnailproduct_0.addproducttobasket/33759?t:ac=484">Ajouter au panier</a><a id="addProductToShoppingList_276" onclick="javascript:Tapestry.waitForPage(event);" title="Ajouter à ma liste" class="bt-produit-ajout-liste" href="http://www.refonte.auchandirect.fr/rayon.productgridorlist.productlist_1.thumbnailproduct_0.addproducttoshoppinglist/33759?t:ac=484">Ajouter à ma liste</a></div><div class="infos-produit-1"><div class="prix-actuel"><span>2.70€</span></div></div><div class="infos-produit-2"><a title="Voir le produit" href="http://www.refonte.auchandirect.fr/boissons/jus,-softs/jus-de-mangue/id1/476/33759"><h2>GRANINI</h2><h4>Jus de mangue</h4><h4></h4><p>
1 l
<br/>
2.70€/l
</p></a></div><div class="mini_picto_bas"></div></div></div></td><td><!-- PL : ici --><div class="bloc-produit "><div class="bloc-produit-content"><a title="Voir le produit" href="http://www.refonte.auchandirect.fr/boissons/jus,-softs/jus-de-goyave/id1/476/33760"><img src="http://www.refonte.auchandirect.fr/static/images/products/line/33760.jpg" alt="" class="produit "/></a><div class="picto"><span class="invisible"></span></div><div class="boutons-produit"><a id="addProductToBasket_190" onclick="javascript:Tapestry.waitForPage(event);" title="Ajouter au panier" class="bt-produit-ajout-panier" href="http://www.refonte.auchandirect.fr/rayon.productgridorlist.productlist_1.thumbnailproduct_0.addproducttobasket/33760?t:ac=484">Ajouter au panier</a><a id="addProductToShoppingList_277" onclick="javascript:Tapestry.waitForPage(event);" title="Ajouter à ma liste" class="bt-produit-ajout-liste" href="http://www.refonte.auchandirect.fr/rayon.productgridorlist.productlist_1.thumbnailproduct_0.addproducttoshoppinglist/33760?t:ac=484">Ajouter à ma liste</a></div><div class="infos-produit-1"><div class="prix-actuel"><span>2.70€</span></div></div><div class="infos-produit-2"><a title="Voir le produit" href="http://www.refonte.auchandirect.fr/boissons/jus,-softs/jus-de-goyave/id1/476/33760"><h2>GRANINI</h2><h4>Jus de goyave</h4><h4></h4><p>
1 l
<br/>
2.70€/l
</p></a></div><div class="mini_picto_bas"></div></div></div></td></tr><tr><td><!-- PL : ici --><div class="bloc-produit  bientot-dispo"><div class="bloc-produit-content"><a title="Voir le produit" href="http://www.refonte.auchandirect.fr/boissons/jus,-softs/jus-de-framboise/id1/476/56660"><img src="http://www.refonte.auchandirect.fr/static/images/products/line/56660.jpg" alt="" class="produit "/></a><div class="picto"><span class="invisible"></span></div><div class="boutons-produit"><a class="bt-produit-ajout-panier disable" title="Bientôt disponible" href="javascript:void(0)">Bientôt disponible</a><a id="addProductToShoppingList_278" onclick="javascript:Tapestry.waitForPage(event);" title="Ajouter à ma liste" class="bt-produit-ajout-liste" href="http://www.refonte.auchandirect.fr/rayon.productgridorlist.productlist_1.thumbnailproduct_0.addproducttoshoppinglist/56660?t:ac=484">Ajouter à ma liste</a></div><div class="infos-produit-1"><div class="prix-actuel"><span>2.70€</span></div></div><div class="infos-produit-2"><a title="Voir le produit" href="http://www.refonte.auchandirect.fr/boissons/jus,-softs/jus-de-framboise/id1/476/56660"><h2>GRANINI</h2><h4>Jus de framboise</h4><h4></h4><p>
1 l
<br/>
2.70€/l
</p></a></div><div class="mini_picto_bas"></div></div></div></td><td><!-- PL : ici --><div class="bloc-produit "><div class="bloc-produit-content"><a title="Voir le produit" href="http://www.refonte.auchandirect.fr/bébé/laits-bébé/croissance-(10-mois-à-3-ans)/id1/487/38617"><img src="http://www.refonte.auchandirect.fr/static/images/products/line/38617.jpg" alt="" class="produit "/></a><div class="picto"><span class="invisible"></span></div><div class="boutons-produit"><a id="addProductToBasket_191" onclick="javascript:Tapestry.waitForPage(event);" title="Ajouter au panier" class="bt-produit-ajout-panier" href="http://www.refonte.auchandirect.fr/rayon.productgridorlist.productlist_1.thumbnailproduct_0.addproducttobasket/38617?t:ac=484">Ajouter au panier</a><a id="addProductToShoppingList_279" onclick="javascript:Tapestry.waitForPage(event);" title="Ajouter à ma liste" class="bt-produit-ajout-liste" href="http://www.refonte.auchandirect.fr/rayon.productgridorlist.productlist_1.thumbnailproduct_0.addproducttoshoppinglist/38617?t:ac=484">Ajouter à ma liste</a></div><div class="infos-produit-1"><div class="prix-actuel"><span>4.30€</span></div></div><div class="infos-produit-2"><a title="Voir le produit" href="http://www.refonte.auchandirect.fr/bébé/laits-bébé/croissance-(10-mois-à-3-ans)/id1/487/38617"><h2>GUIGOZ</h2><h4>Croissance (10 mois à 3 ans)</h4><h4></h4><p>
4 x 500 ml
<br/>
2.15€/l
</p></a></div><div class="mini_picto_bas"><img src="http://www.refonte.auchandirect.fr/static/images/DLC-garantie-30j_small.jpg"/></div></div></div></td><td><!-- PL : ici --><div class="bloc-produit  bientot-dispo"><div class="bloc-produit-content"><a title="Voir le produit" href="http://www.refonte.auchandirect.fr/petit-déjeuner-epicerie-sucrée/petit-déjeuner/brioche-au-lait/id1/484/58620"><img src="http://www.refonte.auchandirect.fr/static/images/products/line/58620.jpg" alt="" class="produit "/></a><div class="picto"><span class="invisible"></span></div><div class="boutons-produit"><a class="bt-produit-ajout-panier disable" title="Bientôt disponible" href="javascript:void(0)">Bientôt disponible</a><a id="addProductToShoppingList_280" onclick="javascript:Tapestry.waitForPage(event);" title="Ajouter à ma liste" class="bt-produit-ajout-liste" href="http://www.refonte.auchandirect.fr/rayon.productgridorlist.productlist_1.thumbnailproduct_0.addproducttoshoppinglist/58620?t:ac=484">Ajouter à ma liste</a></div><div class="infos-produit-1"><div class="prix-actuel"><span>2.45€</span></div></div><div class="infos-produit-2"><a title="Voir le produit" href="http://www.refonte.auchandirect.fr/petit-déjeuner-epicerie-sucrée/petit-déjeuner/brioche-au-lait/id1/484/58620"><h2>HARRY'S</h2><h4>Brioche au lait</h4><h4>Tendrissime</h4><p>
400 g
<br/>
6.13€/kg
</p></a></div><div class="mini_picto_bas"><img alt="frais" src="http://www.refonte.auchandirect.fr/static/images/frais_small.jpg"/><img src="http://www.refonte.auchandirect.fr/static/images/DLC-garantie-6j_small.jpg"/></div></div></div></td></tr><tr><td><!-- PL : ici --><div class="bloc-produit  bientot-dispo"><div class="bloc-produit-content"><a title="Voir le produit" href="http://www.refonte.auchandirect.fr/petit-déjeuner-epicerie-sucrée/petit-déjeuner/brioche-tranchée-allégée-en-matière-grasse/id1/484/16568"><img src="http://www.refonte.auchandirect.fr/static/images/products/line/16568.jpg" alt="" class="produit "/></a><div class="picto"><span class="invisible"></span></div><div class="boutons-produit"><a class="bt-produit-ajout-panier disable" title="Bientôt disponible" href="javascript:void(0)">Bientôt disponible</a><a id="addProductToShoppingList_281" onclick="javascript:Tapestry.waitForPage(event);" title="Ajouter à ma liste" class="bt-produit-ajout-liste" href="http://www.refonte.auchandirect.fr/rayon.productgridorlist.productlist_1.thumbnailproduct_0.addproducttoshoppinglist/16568?t:ac=484">Ajouter à ma liste</a></div><div class="infos-produit-1"><div class="prix-actuel"><span>2.65€</span></div></div><div class="infos-produit-2"><a title="Voir le produit" href="http://www.refonte.auchandirect.fr/petit-déjeuner-epicerie-sucrée/petit-déjeuner/brioche-tranchée-allégée-en-matière-grasse/id1/484/16568"><h2>HARRY'S</h2><h4>Brioche tranchée allégée en matière grasse</h4><h4></h4><p>
500 g
<br/>
5.30€/kg
</p></a></div><div class="mini_picto_bas"><img alt="frais" src="http://www.refonte.auchandirect.fr/static/images/frais_small.jpg"/><img src="http://www.refonte.auchandirect.fr/static/images/DLC-garantie-6j_small.jpg"/></div></div></div></td><td><!-- PL : ici --><div class="bloc-produit  bientot-dispo"><div class="bloc-produit-content"><a title="Voir le produit" href="http://www.refonte.auchandirect.fr/petit-déjeuner-epicerie-sucrée/petit-déjeuner/brioche-tranchée-aux-pépites-de-chocolat/id1/484/6712"><img src="http://www.refonte.auchandirect.fr/static/images/products/line/6712.jpg" alt="" class="produit "/></a><div class="picto"><span class="invisible"></span></div><div class="boutons-produit"><a class="bt-produit-ajout-panier disable" title="Bientôt disponible" href="javascript:void(0)">Bientôt disponible</a><a id="addProductToShoppingList_282" onclick="javascript:Tapestry.waitForPage(event);" title="Ajouter à ma liste" class="bt-produit-ajout-liste" href="http://www.refonte.auchandirect.fr/rayon.productgridorlist.productlist_1.thumbnailproduct_0.addproducttoshoppinglist/6712?t:ac=484">Ajouter à ma liste</a></div><div class="infos-produit-1"><div class="prix-actuel"><span>2.69€</span></div></div><div class="infos-produit-2"><a title="Voir le produit" href="http://www.refonte.auchandirect.fr/petit-déjeuner-epicerie-sucrée/petit-déjeuner/brioche-tranchée-aux-pépites-de-chocolat/id1/484/6712"><h2>HARRY'S</h2><h4>Brioche tranchée aux pépites de chocolat</h4><h4></h4><p>
500 g
<br/>
5.38€/kg
</p></a></div><div class="mini_picto_bas"><img alt="frais" src="http://www.refonte.auchandirect.fr/static/images/frais_small.jpg"/><img src="http://www.refonte.auchandirect.fr/static/images/DLC-garantie-6j_small.jpg"/></div></div></div></td><td><!-- PL : ici --><div class="bloc-produit  bientot-dispo"><div class="bloc-produit-content"><a title="Voir le produit" href="http://www.refonte.auchandirect.fr/petit-déjeuner-epicerie-sucrée/petit-déjeuner/brioche-tressée/id1/484/58622"><img src="http://www.refonte.auchandirect.fr/static/images/products/line/58622.jpg" alt="" class="produit "/></a><div class="picto"><span class="invisible"></span></div><div class="boutons-produit"><a class="bt-produit-ajout-panier disable" title="Bientôt disponible" href="javascript:void(0)">Bientôt disponible</a><a id="addProductToShoppingList_283" onclick="javascript:Tapestry.waitForPage(event);" title="Ajouter à ma liste" class="bt-produit-ajout-liste" href="http://www.refonte.auchandirect.fr/rayon.productgridorlist.productlist_1.thumbnailproduct_0.addproducttoshoppinglist/58622?t:ac=484">Ajouter à ma liste</a></div><div class="infos-produit-1"><div class="prix-actuel"><span>2.89€</span></div></div><div class="infos-produit-2"><a title="Voir le produit" href="http://www.refonte.auchandirect.fr/petit-déjeuner-epicerie-sucrée/petit-déjeuner/brioche-tressée/id1/484/58622"><h2>HARRY'S</h2><h4>Brioche tressée</h4><h4>Tout chocolat</h4><p>
400 g
<br/>
7.23€/kg
</p></a></div><div class="mini_picto_bas"><img alt="frais" src="http://www.refonte.auchandirect.fr/static/images/frais_small.jpg"/><img src="http://www.refonte.auchandirect.fr/static/images/DLC-garantie-6j_small.jpg"/></div></div></div></td></tr><tr><td><!-- PL : ici --><div class="bloc-produit  bientot-dispo"><div class="bloc-produit-content"><a title="Voir le produit" href="http://www.refonte.auchandirect.fr/petit-déjeuner-epicerie-sucrée/petit-déjeuner/brioches-rondes-aux-pépites-de-chocolat/id1/484/12127"><img src="http://www.refonte.auchandirect.fr/static/images/products/line/12127.jpg" alt="" class="produit "/></a><div class="picto"><span class="invisible"></span></div><div class="boutons-produit"><a class="bt-produit-ajout-panier disable" title="Bientôt disponible" href="javascript:void(0)">Bientôt disponible</a><a id="addProductToShoppingList_284" onclick="javascript:Tapestry.waitForPage(event);" title="Ajouter à ma liste" class="bt-produit-ajout-liste" href="http://www.refonte.auchandirect.fr/rayon.productgridorlist.productlist_1.thumbnailproduct_0.addproducttoshoppinglist/12127?t:ac=484">Ajouter à ma liste</a></div><div class="infos-produit-1"><div class="prix-actuel"><span>2.25€</span></div></div><div class="infos-produit-2"><a title="Voir le produit" href="http://www.refonte.auchandirect.fr/petit-déjeuner-epicerie-sucrée/petit-déjeuner/brioches-rondes-aux-pépites-de-chocolat/id1/484/12127"><h2>HARRY'S</h2><h4>Brioches rondes aux pépites de chocolat</h4><h4>Doo Wap</h4><p>
x 8
<br/>
6.82€/kg
</p></a></div><div class="mini_picto_bas"><img alt="frais" src="http://www.refonte.auchandirect.fr/static/images/frais_small.jpg"/><img src="http://www.refonte.auchandirect.fr/static/images/DLC-garantie-6j_small.jpg"/></div></div></div></td><td><!-- PL : ici --><div class="bloc-produit  bientot-dispo"><div class="bloc-produit-content"><a title="Voir le produit" href="http://www.refonte.auchandirect.fr/petit-déjeuner-epicerie-sucrée/petit-déjeuner/pains-au-lait-aux-pépites-de-chocolat/id1/484/41088"><img src="http://www.refonte.auchandirect.fr/static/images/products/line/41088.jpg" alt="" class="produit "/></a><div class="picto"><span class="invisible"></span></div><div class="boutons-produit"><a class="bt-produit-ajout-panier disable" title="Bientôt disponible" href="javascript:void(0)">Bientôt disponible</a><a id="addProductToShoppingList_285" onclick="javascript:Tapestry.waitForPage(event);" title="Ajouter à ma liste" class="bt-produit-ajout-liste" href="http://www.refonte.auchandirect.fr/rayon.productgridorlist.productlist_1.thumbnailproduct_0.addproducttoshoppinglist/41088?t:ac=484">Ajouter à ma liste</a></div><div class="infos-produit-1"><div class="prix-actuel"><span>2.49€</span></div></div><div class="infos-produit-2"><a title="Voir le produit" href="http://www.refonte.auchandirect.fr/petit-déjeuner-epicerie-sucrée/petit-déjeuner/pains-au-lait-aux-pépites-de-chocolat/id1/484/41088"><h2>HARRY'S</h2><h4>Pains au lait aux pépites de chocolat</h4><h4></h4><p>
x 10
<br/>
7.11€/kg
</p></a></div><div class="mini_picto_bas"><img alt="frais" src="http://www.refonte.auchandirect.fr/static/images/frais_small.jpg"/><img src="http://www.refonte.auchandirect.fr/static/images/DLC-garantie-6j_small.jpg"/></div></div></div></td><td><!-- PL : ici --><div class="bloc-produit "><div class="bloc-produit-content"><a title="Voir le produit" href="http://www.refonte.auchandirect.fr/petit-déjeuner-epicerie-sucrée/petit-déjeuner/tortis-au-sucre-perlé/id1/484/58613"><img src="http://www.refonte.auchandirect.fr/static/images/products/line/58613.jpg" alt="" class="produit "/></a><div class="picto"><span class="invisible"></span></div><div class="boutons-produit"><a id="addProductToBasket_192" onclick="javascript:Tapestry.waitForPage(event);" title="Ajouter au panier" class="bt-produit-ajout-panier" href="http://www.refonte.auchandirect.fr/rayon.productgridorlist.productlist_1.thumbnailproduct_0.addproducttobasket/58613?t:ac=484">Ajouter au panier</a><a id="addProductToShoppingList_286" onclick="javascript:Tapestry.waitForPage(event);" title="Ajouter à ma liste" class="bt-produit-ajout-liste" href="http://www.refonte.auchandirect.fr/rayon.productgridorlist.productlist_1.thumbnailproduct_0.addproducttoshoppinglist/58613?t:ac=484">Ajouter à ma liste</a></div><div class="infos-produit-1"><div class="prix-actuel"><span>2.30€</span></div></div><div class="infos-produit-2"><a title="Voir le produit" href="http://www.refonte.auchandirect.fr/petit-déjeuner-epicerie-sucrée/petit-déjeuner/tortis-au-sucre-perlé/id1/484/58613"><h2>HARRY'S</h2><h4>Tortis au sucre perlé</h4><h4></h4><p>
x 6
<br/>
10.95€/kg
</p></a></div><div class="mini_picto_bas"><img alt="frais" src="http://www.refonte.auchandirect.fr/static/images/frais_small.jpg"/><img src="http://www.refonte.auchandirect.fr/static/images/DLC-garantie-6j_small.jpg"/></div></div></div></td></tr><tr><td><!-- PL : ici --><div class="bloc-produit "><div class="bloc-produit-content"><a title="Voir le produit" href="http://www.refonte.auchandirect.fr/petit-déjeuner-epicerie-sucrée/petit-déjeuner/pain-de-mie-nature/id1/484/38973"><img src="http://www.refonte.auchandirect.fr/static/images/products/line/38973.jpg" alt="" class="produit "/></a><div class="picto"><span class="invisible"></span></div><div class="boutons-produit"><a id="addProductToBasket_193" onclick="javascript:Tapestry.waitForPage(event);" title="Ajouter au panier" class="bt-produit-ajout-panier" href="http://www.refonte.auchandirect.fr/rayon.productgridorlist.productlist_1.thumbnailproduct_0.addproducttobasket/38973?t:ac=484">Ajouter au panier</a><a id="addProductToShoppingList_287" onclick="javascript:Tapestry.waitForPage(event);" title="Ajouter à ma liste" class="bt-produit-ajout-liste" href="http://www.refonte.auchandirect.fr/rayon.productgridorlist.productlist_1.thumbnailproduct_0.addproducttoshoppinglist/38973?t:ac=484">Ajouter à ma liste</a></div><div class="infos-produit-1"><div class="prix-actuel"><span>1.32€</span></div></div><div class="infos-produit-2"><a title="Voir le produit" href="http://www.refonte.auchandirect.fr/petit-déjeuner-epicerie-sucrée/petit-déjeuner/pain-de-mie-nature/id1/484/38973"><h2>HARRY'S</h2><h4>Pain de mie nature</h4><h4>Extra moëlleux</h4><p>
500 g
<br/>
2.64€/kg
</p></a></div><div class="mini_picto_bas"><img alt="frais" src="http://www.refonte.auchandirect.fr/static/images/frais_small.jpg"/><img src="http://www.refonte.auchandirect.fr/static/images/DLC-garantie-6j_small.jpg"/></div></div></div></td><td><!-- PL : ici --><div class="bloc-produit "><div class="bloc-produit-content"><a title="Voir le produit" href="http://www.refonte.auchandirect.fr/petit-déjeuner-epicerie-sucrée/petit-déjeuner/pain-de-mie-blancomplet-sans-croûte/id1/484/46418"><img src="http://www.refonte.auchandirect.fr/static/images/products/line/46418.jpg" alt="" class="produit "/></a><div class="picto"><span class="invisible"></span></div><div class="boutons-produit"><a id="addProductToBasket_194" onclick="javascript:Tapestry.waitForPage(event);" title="Ajouter au panier" class="bt-produit-ajout-panier" href="http://www.refonte.auchandirect.fr/rayon.productgridorlist.productlist_1.thumbnailproduct_0.addproducttobasket/46418?t:ac=484">Ajouter au panier</a><a id="addProductToShoppingList_288" onclick="javascript:Tapestry.waitForPage(event);" title="Ajouter à ma liste" class="bt-produit-ajout-liste" href="http://www.refonte.auchandirect.fr/rayon.productgridorlist.productlist_1.thumbnailproduct_0.addproducttoshoppinglist/46418?t:ac=484">Ajouter à ma liste</a></div><div class="infos-produit-1"><div class="prix-actuel"><span>1.88€</span></div></div><div class="infos-produit-2"><a title="Voir le produit" href="http://www.refonte.auchandirect.fr/petit-déjeuner-epicerie-sucrée/petit-déjeuner/pain-de-mie-blancomplet-sans-croûte/id1/484/46418"><h2>HARRY'S</h2><h4>Pain de mie blancomplet sans croûte</h4><h4>100% mie</h4><p>
325 g
<br/>
5.78€/kg
</p></a></div><div class="mini_picto_bas"><img alt="frais" src="http://www.refonte.auchandirect.fr/static/images/frais_small.jpg"/><img src="http://www.refonte.auchandirect.fr/static/images/DLC-garantie-6j_small.jpg"/></div></div></div></td><td><!-- PL : ici --><div class="bloc-produit "><div class="bloc-produit-content"><a title="Voir le produit" href="http://www.refonte.auchandirect.fr/petit-déjeuner-epicerie-sucrée/petit-déjeuner/pain-de-mie-aux-7-céréales/id1/484/6709"><img src="http://www.refonte.auchandirect.fr/static/images/products/line/6709.jpg" alt="" class="produit "/></a><div class="picto"><span class="invisible"></span></div><div class="boutons-produit"><a id="addProductToBasket_195" onclick="javascript:Tapestry.waitForPage(event);" title="Ajouter au panier" class="bt-produit-ajout-panier" href="http://www.refonte.auchandirect.fr/rayon.productgridorlist.productlist_1.thumbnailproduct_0.addproducttobasket/6709?t:ac=484">Ajouter au panier</a><a id="addProductToShoppingList_289" onclick="javascript:Tapestry.waitForPage(event);" title="Ajouter à ma liste" class="bt-produit-ajout-liste" href="http://www.refonte.auchandirect.fr/rayon.productgridorlist.productlist_1.thumbnailproduct_0.addproducttoshoppinglist/6709?t:ac=484">Ajouter à ma liste</a></div><div class="infos-produit-1"><div class="prix-actuel"><span>1.74€</span></div></div><div class="infos-produit-2"><a title="Voir le produit" href="http://www.refonte.auchandirect.fr/petit-déjeuner-epicerie-sucrée/petit-déjeuner/pain-de-mie-aux-7-céréales/id1/484/6709"><h2>HARRY'S</h2><h4>Pain de mie aux 7 céréales</h4><h4>American sandwich</h4><p>
550 g
<br/>
3.16€/kg
</p></a></div><div class="mini_picto_bas"><img alt="frais" src="http://www.refonte.auchandirect.fr/static/images/frais_small.jpg"/><img src="http://www.refonte.auchandirect.fr/static/images/DLC-garantie-6j_small.jpg"/></div></div></div></td></tr><tr><td><!-- PL : ici --><div class="bloc-produit "><div class="bloc-produit-content"><a title="Voir le produit" href="http://www.refonte.auchandirect.fr/petit-déjeuner-epicerie-sucrée/petit-déjeuner/biscottes-x-34/id1/484/100042"><img src="http://www.refonte.auchandirect.fr/static/images/products/line/100042.jpg" alt="" class="produit "/></a><div class="picto"><span class="invisible"></span></div><div class="boutons-produit"><a id="addProductToBasket_196" onclick="javascript:Tapestry.waitForPage(event);" title="Ajouter au panier" class="bt-produit-ajout-panier" href="http://www.refonte.auchandirect.fr/rayon.productgridorlist.productlist_1.thumbnailproduct_0.addproducttobasket/100042?t:ac=484">Ajouter au panier</a><a id="addProductToShoppingList_290" onclick="javascript:Tapestry.waitForPage(event);" title="Ajouter à ma liste" class="bt-produit-ajout-liste" href="http://www.refonte.auchandirect.fr/rayon.productgridorlist.productlist_1.thumbnailproduct_0.addproducttoshoppinglist/100042?t:ac=484">Ajouter à ma liste</a></div><div class="infos-produit-1"><div class="prix-actuel"><span>1.12€</span></div></div><div class="infos-produit-2"><a title="Voir le produit" href="http://www.refonte.auchandirect.fr/petit-déjeuner-epicerie-sucrée/petit-déjeuner/biscottes-x-34/id1/484/100042"><h2>HEUDEBERT</h2><h4>Biscottes x 34</h4><h4></h4><p>
300 g
<br/>
3.73€/kg
</p></a></div><div class="mini_picto_bas"><img src="http://www.refonte.auchandirect.fr/static/images/DLC-garantie-30j_small.jpg"/></div></div></div></td><td><!-- PL : ici --><div class="bloc-produit "><div class="bloc-produit-content"><a title="Voir le produit" href="http://www.refonte.auchandirect.fr/petit-déjeuner-epicerie-sucrée/petit-déjeuner/biscottes-sans-sel-en-tranches-x-34/id1/484/56122"><img src="http://www.refonte.auchandirect.fr/static/images/products/line/56122.jpg" alt="" class="produit "/></a><div class="picto"><span class="invisible"></span></div><div class="boutons-produit"><a id="addProductToBasket_197" onclick="javascript:Tapestry.waitForPage(event);" title="Ajouter au panier" class="bt-produit-ajout-panier" href="http://www.refonte.auchandirect.fr/rayon.productgridorlist.productlist_1.thumbnailproduct_0.addproducttobasket/56122?t:ac=484">Ajouter au panier</a><a id="addProductToShoppingList_291" onclick="javascript:Tapestry.waitForPage(event);" title="Ajouter à ma liste" class="bt-produit-ajout-liste" href="http://www.refonte.auchandirect.fr/rayon.productgridorlist.productlist_1.thumbnailproduct_0.addproducttoshoppinglist/56122?t:ac=484">Ajouter à ma liste</a></div><div class="infos-produit-1"><div class="prix-actuel"><span>1.83€</span></div></div><div class="infos-produit-2"><a title="Voir le produit" href="http://www.refonte.auchandirect.fr/petit-déjeuner-epicerie-sucrée/petit-déjeuner/biscottes-sans-sel-en-tranches-x-34/id1/484/56122"><h2>HEUDEBERT</h2><h4>Biscottes sans sel en tranches x 34</h4><h4>Pleine de vie</h4><p>
300 g
<br/>
6.10€/kg
</p></a></div><div class="mini_picto_bas"><img src="http://www.refonte.auchandirect.fr/static/images/DLC-garantie-30j_small.jpg"/></div></div></div></td><td><!-- PL : ici --><div class="bloc-produit "><div class="bloc-produit-content"><a title="Voir le produit" href="http://www.refonte.auchandirect.fr/petit-déjeuner-epicerie-sucrée/petit-déjeuner/biscottes-en-tranches-x-102/id1/484/37572"><img src="http://www.refonte.auchandirect.fr/static/images/products/line/37572.jpg" alt="" class="produit "/></a><div class="picto"><span class="invisible"></span></div><div class="boutons-produit"><a id="addProductToBasket_198" onclick="javascript:Tapestry.waitForPage(event);" title="Ajouter au panier" class="bt-produit-ajout-panier" href="http://www.refonte.auchandirect.fr/rayon.productgridorlist.productlist_1.thumbnailproduct_0.addproducttobasket/37572?t:ac=484">Ajouter au panier</a><a id="addProductToShoppingList_292" onclick="javascript:Tapestry.waitForPage(event);" title="Ajouter à ma liste" class="bt-produit-ajout-liste" href="http://www.refonte.auchandirect.fr/rayon.productgridorlist.productlist_1.thumbnailproduct_0.addproducttoshoppinglist/37572?t:ac=484">Ajouter à ma liste</a></div><div class="infos-produit-1"><div class="prix-actuel"><span>2.75€</span></div></div><div class="infos-produit-2"><a title="Voir le produit" href="http://www.refonte.auchandirect.fr/petit-déjeuner-epicerie-sucrée/petit-déjeuner/biscottes-en-tranches-x-102/id1/484/37572"><h2>HEUDEBERT</h2><h4>Biscottes en tranches x 102</h4><h4></h4><p>
830 g
<br/>
3.31€/kg
</p></a></div><div class="mini_picto_bas"><img src="http://www.refonte.auchandirect.fr/static/images/DLC-garantie-30j_small.jpg"/></div></div></div></td></tr><tr><td><!-- PL : ici --><div class="bloc-produit  bientot-dispo"><div class="bloc-produit-content"><a title="Voir le produit" href="http://www.refonte.auchandirect.fr/petit-déjeuner-epicerie-sucrée/petit-déjeuner/biscottes-aux-céréales-complètes/id1/484/35675"><img src="http://www.refonte.auchandirect.fr/static/images/products/line/35675.jpg" alt="" class="produit "/></a><div class="picto"><span class="invisible"></span></div><div class="boutons-produit"><a class="bt-produit-ajout-panier disable" title="Bientôt disponible" href="javascript:void(0)">Bientôt disponible</a><a id="addProductToShoppingList_293" onclick="javascript:Tapestry.waitForPage(event);" title="Ajouter à ma liste" class="bt-produit-ajout-liste" href="http://www.refonte.auchandirect.fr/rayon.productgridorlist.productlist_1.thumbnailproduct_0.addproducttoshoppinglist/35675?t:ac=484">Ajouter à ma liste</a></div><div class="infos-produit-1"><div class="prix-actuel"><span>2.60€</span></div></div><div class="infos-produit-2"><a title="Voir le produit" href="http://www.refonte.auchandirect.fr/petit-déjeuner-epicerie-sucrée/petit-déjeuner/biscottes-aux-céréales-complètes/id1/484/35675"><h2>HEUDEBERT</h2><h4>Biscottes aux céréales complètes</h4><h4>Fibre plus</h4><p>
280 g
<br/>
9.29€/kg
</p></a></div><div class="mini_picto_bas"><img src="http://www.refonte.auchandirect.fr/static/images/DLC-garantie-30j_small.jpg"/></div></div></div></td><td><!-- PL : ici --><div class="bloc-produit "><div class="bloc-produit-content"><a title="Voir le produit" href="http://www.refonte.auchandirect.fr/petit-déjeuner-epicerie-sucrée/petit-déjeuner/biscottes-x-34/id1/484/4661"><img src="http://www.refonte.auchandirect.fr/static/images/products/line/4661.jpg" alt="" class="produit "/></a><div class="picto"><span class="invisible"></span></div><div class="boutons-produit"><a id="addProductToBasket_199" onclick="javascript:Tapestry.waitForPage(event);" title="Ajouter au panier" class="bt-produit-ajout-panier" href="http://www.refonte.auchandirect.fr/rayon.productgridorlist.productlist_1.thumbnailproduct_0.addproducttobasket/4661?t:ac=484">Ajouter au panier</a><a id="addProductToShoppingList_294" onclick="javascript:Tapestry.waitForPage(event);" title="Ajouter à ma liste" class="bt-produit-ajout-liste" href="http://www.refonte.auchandirect.fr/rayon.productgridorlist.productlist_1.thumbnailproduct_0.addproducttoshoppinglist/4661?t:ac=484">Ajouter à ma liste</a></div><div class="infos-produit-1"><div class="prix-actuel"><span>2.11€</span></div></div><div class="infos-produit-2"><a title="Voir le produit" href="http://www.refonte.auchandirect.fr/petit-déjeuner-epicerie-sucrée/petit-déjeuner/biscottes-x-34/id1/484/4661"><h2>HEUDEBERT</h2><h4>Biscottes x 34</h4><h4>6 céréales</h4><p>
300 g
<br/>
7.03€/kg
</p></a></div><div class="mini_picto_bas"><img src="http://www.refonte.auchandirect.fr/static/images/DLC-garantie-30j_small.jpg"/></div></div></div></td><td><!-- PL : ici --><div class="bloc-produit "><div class="bloc-produit-content"><a title="Voir le produit" href="http://www.refonte.auchandirect.fr/petit-déjeuner-epicerie-sucrée/petit-déjeuner/biscottes-x-60/id1/484/100043"><img src="http://www.refonte.auchandirect.fr/static/images/products/line/100043.jpg" alt="" class="produit "/></a><div class="picto"><span class="invisible"></span></div><div class="boutons-produit"><a id="addProductToBasket_200" onclick="javascript:Tapestry.waitForPage(event);" title="Ajouter au panier" class="bt-produit-ajout-panier" href="http://www.refonte.auchandirect.fr/rayon.productgridorlist.productlist_1.thumbnailproduct_0.addproducttobasket/100043?t:ac=484">Ajouter au panier</a><a id="addProductToShoppingList_295" onclick="javascript:Tapestry.waitForPage(event);" title="Ajouter à ma liste" class="bt-produit-ajout-liste" href="http://www.refonte.auchandirect.fr/rayon.productgridorlist.productlist_1.thumbnailproduct_0.addproducttoshoppinglist/100043?t:ac=484">Ajouter à ma liste</a></div><div class="infos-produit-1"><div class="prix-actuel"><span>3.32€</span></div></div><div class="infos-produit-2"><a title="Voir le produit" href="http://www.refonte.auchandirect.fr/petit-déjeuner-epicerie-sucrée/petit-déjeuner/biscottes-x-60/id1/484/100043"><h2>HEUDEBERT</h2><h4>Biscottes x 60</h4><h4>Braisor</h4><p>
500 g
<br/>
6.64€/kg
</p></a></div><div class="mini_picto_bas"><img src="http://www.refonte.auchandirect.fr/static/images/DLC-garantie-30j_small.jpg"/></div></div></div></td></tr><tr><td><!-- PL : ici --><div class="bloc-produit "><div class="bloc-produit-content"><a title="Voir le produit" href="http://www.refonte.auchandirect.fr/petit-déjeuner-epicerie-sucrée/petit-déjeuner/crackers/id1/484/101072"><img src="http://www.refonte.auchandirect.fr/static/images/products/line/101072.jpg" alt="" class="produit "/></a><div class="picto"><span class="invisible"></span></div><div class="boutons-produit"><a id="addProductToBasket_201" onclick="javascript:Tapestry.waitForPage(event);" title="Ajouter au panier" class="bt-produit-ajout-panier" href="http://www.refonte.auchandirect.fr/rayon.productgridorlist.productlist_1.thumbnailproduct_0.addproducttobasket/101072?t:ac=484">Ajouter au panier</a><a id="addProductToShoppingList_296" onclick="javascript:Tapestry.waitForPage(event);" title="Ajouter à ma liste" class="bt-produit-ajout-liste" href="http://www.refonte.auchandirect.fr/rayon.productgridorlist.productlist_1.thumbnailproduct_0.addproducttoshoppinglist/101072?t:ac=484">Ajouter à ma liste</a></div><div class="infos-produit-1"><div class="prix-actuel"><span>1.63€</span></div></div><div class="infos-produit-2"><a title="Voir le produit" href="http://www.refonte.auchandirect.fr/petit-déjeuner-epicerie-sucrée/petit-déjeuner/crackers/id1/484/101072"><h2>HEUDEBERT</h2><h4>Crackers</h4><h4>Nature</h4><p>
250 g
<br/>
6.52€/kg
</p></a></div><div class="mini_picto_bas"><img src="http://www.refonte.auchandirect.fr/static/images/DLC-garantie-30j_small.jpg"/></div></div></div></td><td><!-- PL : ici --><div class="bloc-produit "><div class="bloc-produit-content"><a title="Voir le produit" href="http://www.refonte.auchandirect.fr/petit-déjeuner-epicerie-sucrée/petit-déjeuner/pain-grillé-campagne/id1/484/37867"><img src="http://www.refonte.auchandirect.fr/static/images/products/line/37867.jpg" alt="" class="produit "/></a><div class="picto"><span class="invisible"></span></div><div class="boutons-produit"><a id="addProductToBasket_202" onclick="javascript:Tapestry.waitForPage(event);" title="Ajouter au panier" class="bt-produit-ajout-panier" href="http://www.refonte.auchandirect.fr/rayon.productgridorlist.productlist_1.thumbnailproduct_0.addproducttobasket/37867?t:ac=484">Ajouter au panier</a><a id="addProductToShoppingList_297" onclick="javascript:Tapestry.waitForPage(event);" title="Ajouter à ma liste" class="bt-produit-ajout-liste" href="http://www.refonte.auchandirect.fr/rayon.productgridorlist.productlist_1.thumbnailproduct_0.addproducttoshoppinglist/37867?t:ac=484">Ajouter à ma liste</a></div><div class="infos-produit-1"><div class="prix-actuel"><span>1.96€</span></div></div><div class="infos-produit-2"><a title="Voir le produit" href="http://www.refonte.auchandirect.fr/petit-déjeuner-epicerie-sucrée/petit-déjeuner/pain-grillé-campagne/id1/484/37867"><h2>HEUDEBERT</h2><h4>Pain grillé campagne</h4><h4></h4><p>
240 g
<br/>
8.17€/kg
</p></a></div><div class="mini_picto_bas"><img src="http://www.refonte.auchandirect.fr/static/images/DLC-garantie-30j_small.jpg"/></div></div></div></td><td><!-- PL : ici --><div class="bloc-produit  bientot-dispo"><div class="bloc-produit-content"><a title="Voir le produit" href="http://www.refonte.auchandirect.fr/petit-déjeuner-epicerie-sucrée/petit-déjeuner/tranches-gourmandes-finement-grillées/id1/484/28144"><img src="http://www.refonte.auchandirect.fr/static/images/products/line/28144.jpg" alt="" class="produit "/></a><div class="picto"><span class="invisible"></span></div><div class="boutons-produit"><a class="bt-produit-ajout-panier disable" title="Bientôt disponible" href="javascript:void(0)">Bientôt disponible</a><a id="addProductToShoppingList_298" onclick="javascript:Tapestry.waitForPage(event);" title="Ajouter à ma liste" class="bt-produit-ajout-liste" href="http://www.refonte.auchandirect.fr/rayon.productgridorlist.productlist_1.thumbnailproduct_0.addproducttoshoppinglist/28144?t:ac=484">Ajouter à ma liste</a></div><div class="infos-produit-1"><div class="prix-actuel"><span>2.45€</span></div></div><div class="infos-produit-2"><a title="Voir le produit" href="http://www.refonte.auchandirect.fr/petit-déjeuner-epicerie-sucrée/petit-déjeuner/tranches-gourmandes-finement-grillées/id1/484/28144"><h2>HEUDEBERT</h2><h4>Tranches gourmandes finement grillées</h4><h4>Tartines briochées</h4><p>
320 g
<br/>
7.66€/kg
</p></a></div><div class="mini_picto_bas"><img src="http://www.refonte.auchandirect.fr/static/images/DLC-garantie-30j_small.jpg"/></div></div></div></td></tr><tr><td><!-- PL : ici --><div class="bloc-produit "><div class="bloc-produit-content"><a title="Voir le produit" href="http://www.refonte.auchandirect.fr/petit-déjeuner-epicerie-sucrée/petit-déjeuner/tranches-grillées-x-40/id1/484/100046"><img src="http://www.refonte.auchandirect.fr/static/images/products/line/100046.jpg" alt="" class="produit "/></a><div class="picto"><span class="invisible"></span></div><div class="boutons-produit"><a id="addProductToBasket_203" onclick="javascript:Tapestry.waitForPage(event);" title="Ajouter au panier" class="bt-produit-ajout-panier" href="http://www.refonte.auchandirect.fr/rayon.productgridorlist.productlist_1.thumbnailproduct_0.addproducttobasket/100046?t:ac=484">Ajouter au panier</a><a id="addProductToShoppingList_299" onclick="javascript:Tapestry.waitForPage(event);" title="Ajouter à ma liste" class="bt-produit-ajout-liste" href="http://www.refonte.auchandirect.fr/rayon.productgridorlist.productlist_1.thumbnailproduct_0.addproducttoshoppinglist/100046?t:ac=484">Ajouter à ma liste</a></div><div class="infos-produit-1"><div class="prix-actuel"><span>2.64€</span></div></div><div class="infos-produit-2"><a title="Voir le produit" href="http://www.refonte.auchandirect.fr/petit-déjeuner-epicerie-sucrée/petit-déjeuner/tranches-grillées-x-40/id1/484/100046"><h2>HEUDEBERT</h2><h4>Tranches grillées x 40</h4><h4>Tartine</h4><p>
325 g
<br/>
8.12€/kg
</p></a></div><div class="mini_picto_bas"><img src="http://www.refonte.auchandirect.fr/static/images/DLC-garantie-30j_small.jpg"/></div></div></div></td><td><!-- PL : ici --><div class="bloc-produit  bientot-dispo"><div class="bloc-produit-content"><a title="Voir le produit" href="http://www.refonte.auchandirect.fr/petit-déjeuner-epicerie-sucrée/petit-déjeuner/brioche-grillée/id1/484/61860"><img src="http://www.refonte.auchandirect.fr/static/images/products/line/61860.jpg" alt="" class="produit "/></a><div class="picto"><span class="invisible"></span></div><div class="boutons-produit"><a class="bt-produit-ajout-panier disable" title="Bientôt disponible" href="javascript:void(0)">Bientôt disponible</a><a id="addProductToShoppingList_300" onclick="javascript:Tapestry.waitForPage(event);" title="Ajouter à ma liste" class="bt-produit-ajout-liste" href="http://www.refonte.auchandirect.fr/rayon.productgridorlist.productlist_1.thumbnailproduct_0.addproducttoshoppinglist/61860?t:ac=484">Ajouter à ma liste</a></div><div class="infos-produit-1"><div class="prix-actuel"><span>2.29€</span></div></div><div class="infos-produit-2"><a title="Voir le produit" href="http://www.refonte.auchandirect.fr/petit-déjeuner-epicerie-sucrée/petit-déjeuner/brioche-grillée/id1/484/61860"><h2>HEUDEBERT</h2><h4>Brioche grillée</h4><h4>Les Viennoiseries croustillantes</h4><p>
180 g
<br/>
12.72€/kg
</p></a></div><div class="mini_picto_bas"></div></div></div></td><td><!-- PL : ici --><div class="bloc-produit "><div class="bloc-produit-content"><a title="Voir le produit" href="http://www.refonte.auchandirect.fr/petit-déjeuner-epicerie-sucrée/petit-déjeuner/pain-au-lait/id1/484/61861"><img src="http://www.refonte.auchandirect.fr/static/images/products/line/61861.jpg" alt="" class="produit "/></a><div class="picto"><span class="invisible"></span></div><div class="boutons-produit"><a id="addProductToBasket_204" onclick="javascript:Tapestry.waitForPage(event);" title="Ajouter au panier" class="bt-produit-ajout-panier" href="http://www.refonte.auchandirect.fr/rayon.productgridorlist.productlist_1.thumbnailproduct_0.addproducttobasket/61861?t:ac=484">Ajouter au panier</a><a id="addProductToShoppingList_301" onclick="javascript:Tapestry.waitForPage(event);" title="Ajouter à ma liste" class="bt-produit-ajout-liste" href="http://www.refonte.auchandirect.fr/rayon.productgridorlist.productlist_1.thumbnailproduct_0.addproducttoshoppinglist/61861?t:ac=484">Ajouter à ma liste</a></div><div class="infos-produit-1"><div class="prix-actuel"><span>2.29€</span></div></div><div class="infos-produit-2"><a title="Voir le produit" href="http://www.refonte.auchandirect.fr/petit-déjeuner-epicerie-sucrée/petit-déjeuner/pain-au-lait/id1/484/61861"><h2>HEUDEBERT</h2><h4>Pain au lait</h4><h4>Les viennoiseries croustillantes</h4><p>
180 g
<br/>
12.72€/kg
</p></a></div><div class="mini_picto_bas"></div></div></div></td></tr><tr><td><!-- PL : ici --><div class="bloc-produit  bientot-dispo"><div class="bloc-produit-content"><a title="Voir le produit" href="http://www.refonte.auchandirect.fr/bio-ecolo/bébé-bio/croissance-bio-(dès-10-mois)/id1/454/57980"><img src="http://www.refonte.auchandirect.fr/static/images/products/line/57980.jpg" alt="" class="produit "/></a><div class="picto"><span class="invisible"></span></div><div class="boutons-produit"><a class="bt-produit-ajout-panier disable" title="Bientôt disponible" href="javascript:void(0)">Bientôt disponible</a><a id="addProductToShoppingList_302" onclick="javascript:Tapestry.waitForPage(event);" title="Ajouter à ma liste" class="bt-produit-ajout-liste" href="http://www.refonte.auchandirect.fr/rayon.productgridorlist.productlist_1.thumbnailproduct_0.addproducttoshoppinglist/57980?t:ac=484">Ajouter à ma liste</a></div><div class="infos-produit-1"><div class="prix-actuel"><span>5.65€</span></div></div><div class="infos-produit-2"><a title="Voir le produit" href="http://www.refonte.auchandirect.fr/bio-ecolo/bébé-bio/croissance-bio-(dès-10-mois)/id1/454/57980"><h2>HIPP</h2><h4>Croissance bio (dès 10 mois)</h4><h4></h4><p>
6 x 25 cl
<br/>
3.77€/l
</p></a></div><div class="mini_picto_bas"><img src="http://www.refonte.auchandirect.fr/static/images/DLC-garantie-30j_small.jpg"/><img src="http://www.refonte.auchandirect.fr/static/images/AB_small.jpg"/></div></div></div></td><td><!-- PL : ici --><div class="bloc-produit  bientot-dispo"><div class="bloc-produit-content"><a title="Voir le produit" href="../../../boissons/jus,-softs/smoothie-de-fruits/id1/476/49135.html"><img src="http://www.refonte.auchandirect.fr/static/images/products/line/49135.jpg" alt="" class="produit "/></a><div class="picto"><span class="invisible"></span></div><div class="boutons-produit"><a class="bt-produit-ajout-panier disable" title="Bientôt disponible" href="javascript:void(0)">Bientôt disponible</a><a id="addProductToShoppingList_303" onclick="javascript:Tapestry.waitForPage(event);" title="Ajouter à ma liste" class="bt-produit-ajout-liste" href="http://www.refonte.auchandirect.fr/rayon.productgridorlist.productlist_1.thumbnailproduct_0.addproducttoshoppinglist/49135?t:ac=484">Ajouter à ma liste</a></div><div class="infos-produit-1"><div class="prix-actuel"><span>2.99€</span></div></div><div class="infos-produit-2"><a title="Voir le produit" href="../../../boissons/jus,-softs/smoothie-de-fruits/id1/476/49135.html"><h2>INNOCENT</h2><h4>Smoothie de fruits</h4><h4>Mangue passion</h4><p>
750 ml
<br/>
3.99€/l
</p></a></div><div class="mini_picto_bas"><img alt="frais" src="http://www.refonte.auchandirect.fr/static/images/frais_small.jpg"/><img src="http://www.refonte.auchandirect.fr/static/images/DLC-garantie-6j_small.jpg"/></div></div></div></td><td><!-- PL : ici --><div class="bloc-produit  bientot-dispo"><div class="bloc-produit-content"><a title="Voir le produit" href="../../../boissons/jus,-softs/smoothie-de-fruits/id1/476/49136.html"><img src="http://www.refonte.auchandirect.fr/static/images/products/line/49136.jpg" alt="" class="produit "/></a><div class="picto"><span class="invisible"></span></div><div class="boutons-produit"><a class="bt-produit-ajout-panier disable" title="Bientôt disponible" href="javascript:void(0)">Bientôt disponible</a><a id="addProductToShoppingList_304" onclick="javascript:Tapestry.waitForPage(event);" title="Ajouter à ma liste" class="bt-produit-ajout-liste" href="http://www.refonte.auchandirect.fr/rayon.productgridorlist.productlist_1.thumbnailproduct_0.addproducttoshoppinglist/49136?t:ac=484">Ajouter à ma liste</a></div><div class="infos-produit-1"><div class="prix-actuel"><span>2.99€</span></div></div><div class="infos-produit-2"><a title="Voir le produit" href="../../../boissons/jus,-softs/smoothie-de-fruits/id1/476/49136.html"><h2>INNOCENT</h2><h4>Smoothie de fruits</h4><h4>Fraise banane</h4><p>
750 ml
<br/>
3.99€/l
</p></a></div><div class="mini_picto_bas"><img alt="frais" src="http://www.refonte.auchandirect.fr/static/images/frais_small.jpg"/><img src="http://www.refonte.auchandirect.fr/static/images/DLC-garantie-6j_small.jpg"/></div></div></div></td></tr><tr><td><!-- PL : ici --><div class="bloc-produit  bientot-dispo"><div class="bloc-produit-content"><a title="Voir le produit" href="../../../boissons/jus,-softs/smoothie-de-fruits/id1/476/49137.html"><img src="http://www.refonte.auchandirect.fr/static/images/products/line/49137.jpg" alt="" class="produit "/></a><div class="picto"><span class="invisible"></span></div><div class="boutons-produit"><a class="bt-produit-ajout-panier disable" title="Bientôt disponible" href="javascript:void(0)">Bientôt disponible</a><a id="addProductToShoppingList_305" onclick="javascript:Tapestry.waitForPage(event);" title="Ajouter à ma liste" class="bt-produit-ajout-liste" href="http://www.refonte.auchandirect.fr/rayon.productgridorlist.productlist_1.thumbnailproduct_0.addproducttoshoppinglist/49137?t:ac=484">Ajouter à ma liste</a></div><div class="infos-produit-1"><div class="prix-actuel"><span>2.99€</span></div></div><div class="infos-produit-2"><a title="Voir le produit" href="../../../boissons/jus,-softs/smoothie-de-fruits/id1/476/49137.html"><h2>INNOCENT</h2><h4>Smoothie de fruits</h4><h4>Ananas banane coco</h4><p>
750 ml
<br/>
3.99€/l
</p></a></div><div class="mini_picto_bas"><img alt="frais" src="http://www.refonte.auchandirect.fr/static/images/frais_small.jpg"/><img src="http://www.refonte.auchandirect.fr/static/images/DLC-garantie-6j_small.jpg"/></div></div></div></td><td><!-- PL : ici --><div class="bloc-produit  bientot-dispo"><div class="bloc-produit-content"><a title="Voir le produit" href="../../../boissons/jus,-softs/smoothie-de-fruits/id1/476/58506.html"><img src="http://www.refonte.auchandirect.fr/static/images/products/line/58506.jpg" alt="" class="produit "/></a><div class="picto"><span class="invisible"></span></div><div class="boutons-produit"><a class="bt-produit-ajout-panier disable" title="Bientôt disponible" href="javascript:void(0)">Bientôt disponible</a><a id="addProductToShoppingList_306" onclick="javascript:Tapestry.waitForPage(event);" title="Ajouter à ma liste" class="bt-produit-ajout-liste" href="http://www.refonte.auchandirect.fr/rayon.productgridorlist.productlist_1.thumbnailproduct_0.addproducttoshoppinglist/58506?t:ac=484">Ajouter à ma liste</a></div><div class="infos-produit-1"><div class="prix-actuel"><span>2.99€</span></div></div><div class="infos-produit-2"><a title="Voir le produit" href="../../../boissons/jus,-softs/smoothie-de-fruits/id1/476/58506.html"><h2>INNOCENT</h2><h4>Smoothie de fruits</h4><h4>Kiwi pomme ananas</h4><p>
750 ml
<br/>
3.99€/l
</p></a></div><div class="mini_picto_bas"><img alt="frais" src="http://www.refonte.auchandirect.fr/static/images/frais_small.jpg"/><img src="http://www.refonte.auchandirect.fr/static/images/DLC-garantie-6j_small.jpg"/></div></div></div></td><td><!-- PL : ici --><div class="bloc-produit  bientot-dispo"><div class="bloc-produit-content"><a title="Voir le produit" href="../../../boissons/jus,-softs/smoothie-de-fruits/id1/476/58507.html"><img src="http://www.refonte.auchandirect.fr/static/images/products/line/58507.jpg" alt="" class="produit "/></a><div class="picto"><span class="invisible"></span></div><div class="boutons-produit"><a class="bt-produit-ajout-panier disable" title="Bientôt disponible" href="javascript:void(0)">Bientôt disponible</a><a id="addProductToShoppingList_307" onclick="javascript:Tapestry.waitForPage(event);" title="Ajouter à ma liste" class="bt-produit-ajout-liste" href="http://www.refonte.auchandirect.fr/rayon.productgridorlist.productlist_1.thumbnailproduct_0.addproducttoshoppinglist/58507?t:ac=484">Ajouter à ma liste</a></div><div class="infos-produit-1"><div class="prix-actuel"><span>2.99€</span></div></div><div class="infos-produit-2"><a title="Voir le produit" href="../../../boissons/jus,-softs/smoothie-de-fruits/id1/476/58507.html"><h2>INNOCENT</h2><h4>Smoothie de fruits</h4><h4>Fraises mûres</h4><p>
750 ml
<br/>
3.99€/l
</p></a></div><div class="mini_picto_bas"><img alt="frais" src="http://www.refonte.auchandirect.fr/static/images/frais_small.jpg"/><img src="http://www.refonte.auchandirect.fr/static/images/DLC-garantie-6j_small.jpg"/></div></div></div></td></tr><tr><td><!-- PL : ici --><div class="bloc-produit  bientot-dispo"><div class="bloc-produit-content"><a title="Voir le produit" href="http://www.refonte.auchandirect.fr/petit-déjeuner-epicerie-sucrée/petit-déjeuner/café-moulu-pur-arabica/id1/484/100017"><img src="http://www.refonte.auchandirect.fr/static/images/products/line/100017.jpg" alt="" class="produit "/></a><div class="picto"><span class="invisible"></span></div><div class="boutons-produit"><a class="bt-produit-ajout-panier disable" title="Bientôt disponible" href="javascript:void(0)">Bientôt disponible</a><a id="addProductToShoppingList_308" onclick="javascript:Tapestry.waitForPage(event);" title="Ajouter à ma liste" class="bt-produit-ajout-liste" href="http://www.refonte.auchandirect.fr/rayon.productgridorlist.productlist_1.thumbnailproduct_0.addproducttoshoppinglist/100017?t:ac=484">Ajouter à ma liste</a></div><div class="infos-produit-1"><div class="prix-actuel"><span>3.17€</span></div></div><div class="infos-produit-2"><a title="Voir le produit" href="http://www.refonte.auchandirect.fr/petit-déjeuner-epicerie-sucrée/petit-déjeuner/café-moulu-pur-arabica/id1/484/100017"><h2>JACQUES VABRE</h2><h4>Café moulu pur arabica</h4><h4>Kitalé</h4><p>
250 g
<br/>
12.68€/kg
</p></a></div><div class="mini_picto_bas"><img src="http://www.refonte.auchandirect.fr/static/images/DLC-garantie-30j_small.jpg"/></div></div></div></td><td><!-- PL : ici --><div class="bloc-produit  bientot-dispo"><div class="bloc-produit-content"><a title="Voir le produit" href="http://www.refonte.auchandirect.fr/petit-déjeuner-epicerie-sucrée/petit-déjeuner/café-moulu-pur-arabica/id1/484/100018"><img src="http://www.refonte.auchandirect.fr/static/images/products/line/100018.jpg" alt="" class="produit "/></a><div class="picto"><span class="invisible"></span></div><div class="boutons-produit"><a class="bt-produit-ajout-panier disable" title="Bientôt disponible" href="javascript:void(0)">Bientôt disponible</a><a id="addProductToShoppingList_309" onclick="javascript:Tapestry.waitForPage(event);" title="Ajouter à ma liste" class="bt-produit-ajout-liste" href="http://www.refonte.auchandirect.fr/rayon.productgridorlist.productlist_1.thumbnailproduct_0.addproducttoshoppinglist/100018?t:ac=484">Ajouter à ma liste</a></div><div class="infos-produit-1"><div class="prix-actuel"><span>3.17€</span></div></div><div class="infos-produit-2"><a title="Voir le produit" href="http://www.refonte.auchandirect.fr/petit-déjeuner-epicerie-sucrée/petit-déjeuner/café-moulu-pur-arabica/id1/484/100018"><h2>JACQUES VABRE</h2><h4>Café moulu pur arabica</h4><h4>Popayan</h4><p>
250 g
<br/>
12.68€/kg
</p></a></div><div class="mini_picto_bas"><img src="http://www.refonte.auchandirect.fr/static/images/DLC-garantie-30j_small.jpg"/></div></div></div></td><td><!-- PL : ici --><div class="bloc-produit  bientot-dispo"><div class="bloc-produit-content"><a title="Voir le produit" href="http://www.refonte.auchandirect.fr/petit-déjeuner-epicerie-sucrée/petit-déjeuner/café-moulu-pur-arabica/id1/484/100019"><img src="http://www.refonte.auchandirect.fr/static/images/products/line/100019.jpg" alt="" class="produit "/></a><div class="picto"><span class="invisible"></span></div><div class="boutons-produit"><a class="bt-produit-ajout-panier disable" title="Bientôt disponible" href="javascript:void(0)">Bientôt disponible</a><a id="addProductToShoppingList_310" onclick="javascript:Tapestry.waitForPage(event);" title="Ajouter à ma liste" class="bt-produit-ajout-liste" href="http://www.refonte.auchandirect.fr/rayon.productgridorlist.productlist_1.thumbnailproduct_0.addproducttoshoppinglist/100019?t:ac=484">Ajouter à ma liste</a></div><div class="infos-produit-1"><div class="prix-actuel"><span>3.23€</span></div></div><div class="infos-produit-2"><a title="Voir le produit" href="http://www.refonte.auchandirect.fr/petit-déjeuner-epicerie-sucrée/petit-déjeuner/café-moulu-pur-arabica/id1/484/100019"><h2>JACQUES VABRE</h2><h4>Café moulu pur arabica</h4><h4>Bahia</h4><p>
250 g
<br/>
12.92€/kg
</p></a></div><div class="mini_picto_bas"><img src="http://www.refonte.auchandirect.fr/static/images/DLC-garantie-30j_small.jpg"/></div></div></div></td></tr><tr><td><!-- PL : ici --><div class="bloc-produit "><div class="bloc-produit-content"><a title="Voir le produit" href="http://www.refonte.auchandirect.fr/petit-déjeuner-epicerie-sucrée/petit-déjeuner/café-moulu-pur-arabica/id1/484/100363"><img src="http://www.refonte.auchandirect.fr/static/images/products/line/100363.jpg" alt="" class="produit "/></a><div class="picto"><span class="invisible"></span></div><div class="boutons-produit"><a id="addProductToBasket_205" onclick="javascript:Tapestry.waitForPage(event);" title="Ajouter au panier" class="bt-produit-ajout-panier" href="http://www.refonte.auchandirect.fr/rayon.productgridorlist.productlist_1.thumbnailproduct_0.addproducttobasket/100363?t:ac=484">Ajouter au panier</a><a id="addProductToShoppingList_311" onclick="javascript:Tapestry.waitForPage(event);" title="Ajouter à ma liste" class="bt-produit-ajout-liste" href="http://www.refonte.auchandirect.fr/rayon.productgridorlist.productlist_1.thumbnailproduct_0.addproducttoshoppinglist/100363?t:ac=484">Ajouter à ma liste</a></div><div class="infos-produit-1"><div class="prix-actuel"><span>3.30€</span></div></div><div class="infos-produit-2"><a title="Voir le produit" href="http://www.refonte.auchandirect.fr/petit-déjeuner-epicerie-sucrée/petit-déjeuner/café-moulu-pur-arabica/id1/484/100363"><h2>JACQUES VABRE</h2><h4>Café moulu pur arabica</h4><h4>Nectar</h4><p>
250 g
<br/>
13.20€/kg
</p></a></div><div class="mini_picto_bas"><img src="http://www.refonte.auchandirect.fr/static/images/DLC-garantie-30j_small.jpg"/></div></div></div></td><td><!-- PL : ici --><div class="bloc-produit  bientot-dispo"><div class="bloc-produit-content"><a title="Voir le produit" href="http://www.refonte.auchandirect.fr/petit-déjeuner-epicerie-sucrée/petit-déjeuner/pain-de-mie-nature/id1/484/41593"><img src="http://www.refonte.auchandirect.fr/static/images/products/line/41593.jpg" alt="" class="produit "/></a><div class="picto"><span class="invisible"></span></div><div class="boutons-produit"><a class="bt-produit-ajout-panier disable" title="Bientôt disponible" href="javascript:void(0)">Bientôt disponible</a><a id="addProductToShoppingList_312" onclick="javascript:Tapestry.waitForPage(event);" title="Ajouter à ma liste" class="bt-produit-ajout-liste" href="http://www.refonte.auchandirect.fr/rayon.productgridorlist.productlist_1.thumbnailproduct_0.addproducttoshoppinglist/41593?t:ac=484">Ajouter à ma liste</a></div><div class="infos-produit-1"><div class="prix-actuel"><span>2.01€</span></div></div><div class="infos-produit-2"><a title="Voir le produit" href="http://www.refonte.auchandirect.fr/petit-déjeuner-epicerie-sucrée/petit-déjeuner/pain-de-mie-nature/id1/484/41593"><h2>JACQUET</h2><h4>Pain de mie nature</h4><h4>Crousti moelleux</h4><p>
730 g
<br/>
2.75€/kg
</p></a></div><div class="mini_picto_bas"><img alt="frais" src="http://www.refonte.auchandirect.fr/static/images/frais_small.jpg"/><img src="http://www.refonte.auchandirect.fr/static/images/DLC-garantie-6j_small.jpg"/></div></div></div></td><td><!-- PL : ici --><div class="bloc-produit "><div class="bloc-produit-content"><a title="Voir le produit" href="http://www.refonte.auchandirect.fr/petit-déjeuner-epicerie-sucrée/petit-déjeuner/pain-de-mie-brioché-spécial-petit-déjeuner/id1/484/27506"><img src="http://www.refonte.auchandirect.fr/static/images/products/line/27506.jpg" alt="" class="produit "/></a><div class="picto"><span class="invisible"></span></div><div class="boutons-produit"><a id="addProductToBasket_206" onclick="javascript:Tapestry.waitForPage(event);" title="Ajouter au panier" class="bt-produit-ajout-panier" href="http://www.refonte.auchandirect.fr/rayon.productgridorlist.productlist_1.thumbnailproduct_0.addproducttobasket/27506?t:ac=484">Ajouter au panier</a><a id="addProductToShoppingList_313" onclick="javascript:Tapestry.waitForPage(event);" title="Ajouter à ma liste" class="bt-produit-ajout-liste" href="http://www.refonte.auchandirect.fr/rayon.productgridorlist.productlist_1.thumbnailproduct_0.addproducttoshoppinglist/27506?t:ac=484">Ajouter à ma liste</a></div><div class="infos-produit-1"><div class="prix-actuel"><span>1.95€</span></div></div><div class="infos-produit-2"><a title="Voir le produit" href="http://www.refonte.auchandirect.fr/petit-déjeuner-epicerie-sucrée/petit-déjeuner/pain-de-mie-brioché-spécial-petit-déjeuner/id1/484/27506"><h2>JACQUET</h2><h4>Pain de Mie brioché spécial petit déjeuner</h4><h4>Tartine P'tit déj</h4><p>
400 g
<br/>
4.88€/kg
</p></a></div><div class="mini_picto_bas"><img alt="frais" src="http://www.refonte.auchandirect.fr/static/images/frais_small.jpg"/><img src="http://www.refonte.auchandirect.fr/static/images/DLC-garantie-6j_small.jpg"/></div></div></div></td></tr><tr><td><!-- PL : ici --><div class="bloc-produit  bientot-dispo"><div class="bloc-produit-content"><a title="Voir le produit" href="http://www.refonte.auchandirect.fr/petit-déjeuner-epicerie-sucrée/petit-déjeuner/pain-de-mie-complet-spécial-petit-déjeuner/id1/484/43239"><img src="http://www.refonte.auchandirect.fr/static/images/products/line/43239.jpg" alt="" class="produit "/></a><div class="picto"><span class="invisible"></span></div><div class="boutons-produit"><a class="bt-produit-ajout-panier disable" title="Bientôt disponible" href="javascript:void(0)">Bientôt disponible</a><a id="addProductToShoppingList_314" onclick="javascript:Tapestry.waitForPage(event);" title="Ajouter à ma liste" class="bt-produit-ajout-liste" href="http://www.refonte.auchandirect.fr/rayon.productgridorlist.productlist_1.thumbnailproduct_0.addproducttoshoppinglist/43239?t:ac=484">Ajouter à ma liste</a></div><div class="infos-produit-1"><div class="prix-actuel"><span>1.58€</span></div></div><div class="infos-produit-2"><a title="Voir le produit" href="http://www.refonte.auchandirect.fr/petit-déjeuner-epicerie-sucrée/petit-déjeuner/pain-de-mie-complet-spécial-petit-déjeuner/id1/484/43239"><h2>JACQUET</h2><h4>Pain de mie complet spécial petit déjeuner</h4><h4>Tartine P'tit déj</h4><p>
400 g
<br/>
3.95€/kg
</p></a></div><div class="mini_picto_bas"><img alt="frais" src="http://www.refonte.auchandirect.fr/static/images/frais_small.jpg"/><img src="http://www.refonte.auchandirect.fr/static/images/DLC-garantie-6j_small.jpg"/></div></div></div></td><td><!-- PL : ici --><div class="bloc-produit promotion"><div class="bloc-produit-content"><a title="Voir le produit" href="../assortiment-de-mini-canap%25C3%25A9s/id1/484/51527.html"><img src="http://www.refonte.auchandirect.fr/static/images/products/line/51527.jpg" alt="" class="produit "/></a><div class="picto"><span class="invisible"></span></div><img src="http://www.refonte.auchandirect.fr/static/images/moins-50pourcent_small.png" class="ruban"/><div class="boutons-produit"><a id="addProductToBasket_207" onclick="javascript:Tapestry.waitForPage(event);" title="Ajouter au panier" class="bt-produit-ajout-panier" href="http://www.refonte.auchandirect.fr/rayon.productgridorlist.productlist_1.thumbnailproduct_0.addproducttobasket/51527?t:ac=484">Ajouter au panier</a><a id="addProductToShoppingList_315" onclick="javascript:Tapestry.waitForPage(event);" title="Ajouter à ma liste" class="bt-produit-ajout-liste" href="http://www.refonte.auchandirect.fr/rayon.productgridorlist.productlist_1.thumbnailproduct_0.addproducttoshoppinglist/51527?t:ac=484">Ajouter à ma liste</a></div><div class="infos-produit-1"><div class="prix-old">1.45€</div><div class="prix-promo">0.72€</div></div><div class="infos-produit-2"><a title="Voir le produit" href="../assortiment-de-mini-canap%25C3%25A9s/id1/484/51527.html"><h2>JACQUET</h2><h4>Assortiment de mini canapés</h4><h4>Nature</h4><p>
250 g
<br/>
2.88€/kg
</p></a></div><div class="mini_picto_bas"><img alt="frais" src="http://www.refonte.auchandirect.fr/static/images/frais_small.jpg"/><img src="http://www.refonte.auchandirect.fr/static/images/DLC-garantie-2j_small.jpg"/></div></div></div></td><td><!-- PL : ici --><div class="bloc-produit promotion"><div class="bloc-produit-content"><a title="Voir le produit" href="../toast-rond-au-seigle/id1/484/57863.html"><img src="http://www.refonte.auchandirect.fr/static/images/products/line/57863.jpg" alt="" class="produit "/></a><div class="picto"><span class="invisible"></span></div><img src="http://www.refonte.auchandirect.fr/static/images/moins-50pourcent_small.png" class="ruban"/><div class="boutons-produit"><a id="addProductToBasket_208" onclick="javascript:Tapestry.waitForPage(event);" title="Ajouter au panier" class="bt-produit-ajout-panier" href="http://www.refonte.auchandirect.fr/rayon.productgridorlist.productlist_1.thumbnailproduct_0.addproducttobasket/57863?t:ac=484">Ajouter au panier</a><a id="addProductToShoppingList_316" onclick="javascript:Tapestry.waitForPage(event);" title="Ajouter à ma liste" class="bt-produit-ajout-liste" href="http://www.refonte.auchandirect.fr/rayon.productgridorlist.productlist_1.thumbnailproduct_0.addproducttoshoppinglist/57863?t:ac=484">Ajouter à ma liste</a></div><div class="infos-produit-1"><div class="prix-old">1.53€</div><div class="prix-promo">0.76€</div></div><div class="infos-produit-2"><a title="Voir le produit" href="../toast-rond-au-seigle/id1/484/57863.html"><h2>JACQUET</h2><h4>Toast rond au seigle</h4><h4>Special Fruits de Mer</h4><p>
36 toasts
<br/>
3.04€/kg
</p></a></div><div class="mini_picto_bas"><img alt="frais" src="http://www.refonte.auchandirect.fr/static/images/frais_small.jpg"/><img src="http://www.refonte.auchandirect.fr/static/images/DLC-garantie-2j_small.jpg"/></div></div></div></td></tr><tr><td><!-- PL : ici --><div class="bloc-produit promotion bientot-dispo"><div class="bloc-produit-content"><a title="Voir le produit" href="http://www.refonte.auchandirect.fr/petit-déjeuner-epicerie-sucrée/petit-déjeuner/toast-rond-a-la-figue-special-foie-gras/id1/484/57865"><img src="http://www.refonte.auchandirect.fr/static/images/products/line/57865.jpg" alt="" class="produit "/></a><div class="picto"><span class="invisible"></span></div><img src="http://www.refonte.auchandirect.fr/static/images/moins-50pourcent_small.png" class="ruban"/><div class="boutons-produit"><a class="bt-produit-ajout-panier disable" title="Bientôt disponible" href="javascript:void(0)">Bientôt disponible</a><a id="addProductToShoppingList_317" onclick="javascript:Tapestry.waitForPage(event);" title="Ajouter à ma liste" class="bt-produit-ajout-liste" href="http://www.refonte.auchandirect.fr/rayon.productgridorlist.productlist_1.thumbnailproduct_0.addproducttoshoppinglist/57865?t:ac=484">Ajouter à ma liste</a></div><div class="infos-produit-1"><div class="prix-old">1.69€</div><div class="prix-promo">0.84€</div></div><div class="infos-produit-2"><a title="Voir le produit" href="http://www.refonte.auchandirect.fr/petit-déjeuner-epicerie-sucrée/petit-déjeuner/toast-rond-a-la-figue-special-foie-gras/id1/484/57865"><h2>JACQUET</h2><h4>Toast rond a la figue special foie gras</h4><h4></h4><p>
36 toasts, 250 g
<br/>
3.36€/kg
</p></a></div><div class="mini_picto_bas"><img alt="frais" src="http://www.refonte.auchandirect.fr/static/images/frais_small.jpg"/><img src="http://www.refonte.auchandirect.fr/static/images/DLC-garantie-2j_small.jpg"/></div></div></div></td><td><!-- PL : ici --><div class="bloc-produit promotion"><div class="bloc-produit-content"><a title="Voir le produit" href="../toasts-ronds-brioch%25C3%25A9s/id1/484/25607.html"><img src="http://www.refonte.auchandirect.fr/static/images/products/line/25607.jpg" alt="" class="produit "/></a><div class="picto"><span class="invisible"></span></div><img src="http://www.refonte.auchandirect.fr/static/images/moins-50pourcent_small.png" class="ruban"/><div class="boutons-produit"><a id="addProductToBasket_209" onclick="javascript:Tapestry.waitForPage(event);" title="Ajouter au panier" class="bt-produit-ajout-panier" href="http://www.refonte.auchandirect.fr/rayon.productgridorlist.productlist_1.thumbnailproduct_0.addproducttobasket/25607?t:ac=484">Ajouter au panier</a><a id="addProductToShoppingList_318" onclick="javascript:Tapestry.waitForPage(event);" title="Ajouter à ma liste" class="bt-produit-ajout-liste" href="http://www.refonte.auchandirect.fr/rayon.productgridorlist.productlist_1.thumbnailproduct_0.addproducttoshoppinglist/25607?t:ac=484">Ajouter à ma liste</a></div><div class="infos-produit-1"><div class="prix-old">1.53€</div><div class="prix-promo">0.76€</div></div><div class="infos-produit-2"><a title="Voir le produit" href="../toasts-ronds-brioch%25C3%25A9s/id1/484/25607.html"><h2>JACQUET</h2><h4>Toasts ronds briochés</h4><h4>Special foie gras</h4><p>
250 g
<br/>
3.04€/kg
</p></a></div><div class="mini_picto_bas"><img alt="frais" src="http://www.refonte.auchandirect.fr/static/images/frais_small.jpg"/><img src="http://www.refonte.auchandirect.fr/static/images/DLC-garantie-2j_small.jpg"/></div></div></div></td><td><!-- PL : ici --><div class="bloc-produit "><div class="bloc-produit-content"><a title="Voir le produit" href="http://www.refonte.auchandirect.fr/petit-déjeuner-epicerie-sucrée/petit-déjeuner/pains-hot-dogs-x-4/id1/484/54124"><img src="http://www.refonte.auchandirect.fr/static/images/products/line/54124.jpg" alt="" class="produit "/></a><div class="picto"><span class="invisible"></span></div><div class="boutons-produit"><a id="addProductToBasket_210" onclick="javascript:Tapestry.waitForPage(event);" title="Ajouter au panier" class="bt-produit-ajout-panier" href="http://www.refonte.auchandirect.fr/rayon.productgridorlist.productlist_1.thumbnailproduct_0.addproducttobasket/54124?t:ac=484">Ajouter au panier</a><a id="addProductToShoppingList_319" onclick="javascript:Tapestry.waitForPage(event);" title="Ajouter à ma liste" class="bt-produit-ajout-liste" href="http://www.refonte.auchandirect.fr/rayon.productgridorlist.productlist_1.thumbnailproduct_0.addproducttoshoppinglist/54124?t:ac=484">Ajouter à ma liste</a></div><div class="infos-produit-1"><div class="prix-actuel"><span>1.96€</span></div></div><div class="infos-produit-2"><a title="Voir le produit" href="http://www.refonte.auchandirect.fr/petit-déjeuner-epicerie-sucrée/petit-déjeuner/pains-hot-dogs-x-4/id1/484/54124"><h2>JACQUET</h2><h4>Pains hot dogs x 4</h4><h4></h4><p>
240 g
<br/>
8.17€/kg
</p></a></div><div class="mini_picto_bas"><img alt="frais" src="http://www.refonte.auchandirect.fr/static/images/frais_small.jpg"/><img src="http://www.refonte.auchandirect.fr/static/images/DLC-garantie-6j_small.jpg"/></div></div></div></td></tr><tr><td><!-- PL : ici --><div class="bloc-produit  bientot-dispo"><div class="bloc-produit-content"><a title="Voir le produit" href="http://www.refonte.auchandirect.fr/petit-déjeuner-epicerie-sucrée/petit-déjeuner/pains-à-hamburgers-géants/id1/484/46409"><img src="http://www.refonte.auchandirect.fr/static/images/products/line/46409.jpg" alt="" class="produit "/></a><div class="picto"><span class="invisible"></span></div><div class="boutons-produit"><a class="bt-produit-ajout-panier disable" title="Bientôt disponible" href="javascript:void(0)">Bientôt disponible</a><a id="addProductToShoppingList_320" onclick="javascript:Tapestry.waitForPage(event);" title="Ajouter à ma liste" class="bt-produit-ajout-liste" href="http://www.refonte.auchandirect.fr/rayon.productgridorlist.productlist_1.thumbnailproduct_0.addproducttoshoppinglist/46409?t:ac=484">Ajouter à ma liste</a></div><div class="infos-produit-1"><div class="prix-actuel"><span>1.59€</span></div></div><div class="infos-produit-2"><a title="Voir le produit" href="http://www.refonte.auchandirect.fr/petit-déjeuner-epicerie-sucrée/petit-déjeuner/pains-à-hamburgers-géants/id1/484/46409"><h2>JACQUET</h2><h4>Pains à hamburgers géants</h4><h4></h4><p>
4 pièces
<br/>
0.40€/pièce
</p></a></div><div class="mini_picto_bas"><img alt="frais" src="http://www.refonte.auchandirect.fr/static/images/frais_small.jpg"/><img src="http://www.refonte.auchandirect.fr/static/images/DLC-garantie-6j_small.jpg"/></div></div></div></td><td><!-- PL : ici --><div class="bloc-produit "><div class="bloc-produit-content"><a title="Voir le produit" href="http://www.refonte.auchandirect.fr/petit-déjeuner-epicerie-sucrée/petit-déjeuner/pain-allemand-au-seigle/id1/484/38612"><img src="http://www.refonte.auchandirect.fr/static/images/products/line/38612.jpg" alt="" class="produit "/></a><div class="picto"><span class="invisible"></span></div><div class="boutons-produit"><a id="addProductToBasket_211" onclick="javascript:Tapestry.waitForPage(event);" title="Ajouter au panier" class="bt-produit-ajout-panier" href="http://www.refonte.auchandirect.fr/rayon.productgridorlist.productlist_1.thumbnailproduct_0.addproducttobasket/38612?t:ac=484">Ajouter au panier</a><a id="addProductToShoppingList_321" onclick="javascript:Tapestry.waitForPage(event);" title="Ajouter à ma liste" class="bt-produit-ajout-liste" href="http://www.refonte.auchandirect.fr/rayon.productgridorlist.productlist_1.thumbnailproduct_0.addproducttoshoppinglist/38612?t:ac=484">Ajouter à ma liste</a></div><div class="infos-produit-1"><div class="prix-actuel"><span>2.02€</span></div></div><div class="infos-produit-2"><a title="Voir le produit" href="http://www.refonte.auchandirect.fr/petit-déjeuner-epicerie-sucrée/petit-déjeuner/pain-allemand-au-seigle/id1/484/38612"><h2>JACQUET</h2><h4>Pain allemand au seigle</h4><h4>Vollkornbrot</h4><p>
500 g
<br/>
4.04€/kg
</p></a></div><div class="mini_picto_bas"><img alt="frais" src="http://www.refonte.auchandirect.fr/static/images/frais_small.jpg"/><img src="http://www.refonte.auchandirect.fr/static/images/DLC-garantie-6j_small.jpg"/></div></div></div></td><td><!-- PL : ici --><div class="bloc-produit "><div class="bloc-produit-content"><a title="Voir le produit" href="http://www.refonte.auchandirect.fr/petit-déjeuner-epicerie-sucrée/petit-déjeuner/pains-kebab-x-4/id1/484/54125"><img src="http://www.refonte.auchandirect.fr/static/images/products/line/54125.jpg" alt="" class="produit "/></a><div class="picto"><span class="invisible"></span></div><div class="boutons-produit"><a id="addProductToBasket_212" onclick="javascript:Tapestry.waitForPage(event);" title="Ajouter au panier" class="bt-produit-ajout-panier" href="http://www.refonte.auchandirect.fr/rayon.productgridorlist.productlist_1.thumbnailproduct_0.addproducttobasket/54125?t:ac=484">Ajouter au panier</a><a id="addProductToShoppingList_322" onclick="javascript:Tapestry.waitForPage(event);" title="Ajouter à ma liste" class="bt-produit-ajout-liste" href="http://www.refonte.auchandirect.fr/rayon.productgridorlist.productlist_1.thumbnailproduct_0.addproducttoshoppinglist/54125?t:ac=484">Ajouter à ma liste</a></div><div class="infos-produit-1"><div class="prix-actuel"><span>2.23€</span></div></div><div class="infos-produit-2"><a title="Voir le produit" href="http://www.refonte.auchandirect.fr/petit-déjeuner-epicerie-sucrée/petit-déjeuner/pains-kebab-x-4/id1/484/54125"><h2>JACQUET</h2><h4>Pains kebab x 4</h4><h4></h4><p>
320 g
<br/>
6.97€/kg
</p></a></div><div class="mini_picto_bas"><img alt="frais" src="http://www.refonte.auchandirect.fr/static/images/frais_small.jpg"/><img src="http://www.refonte.auchandirect.fr/static/images/DLC-garantie-6j_small.jpg"/></div></div></div></td></tr><tr><td><!-- PL : ici --><div class="bloc-produit nouveaute bientot-dispo"><div class="bloc-produit-content"><a title="Voir le produit" href="../pain-d'%25C3%25A9pices/id1/484/106857.html"><img src="http://www.refonte.auchandirect.fr/static/images/products/line/106857.jpg" alt="" class="produit "/></a><div class="picto"><span class="invisible"></span></div><img alt="nouveauté" src="http://www.refonte.auchandirect.fr/static/images/ruban-nouveaute_small.png" class="ruban"/><div class="boutons-produit"><a class="bt-produit-ajout-panier disable" title="Bientôt disponible" href="javascript:void(0)">Bientôt disponible</a><a id="addProductToShoppingList_323" onclick="javascript:Tapestry.waitForPage(event);" title="Ajouter à ma liste" class="bt-produit-ajout-liste" href="http://www.refonte.auchandirect.fr/rayon.productgridorlist.productlist_1.thumbnailproduct_0.addproducttoshoppinglist/106857?t:ac=484">Ajouter à ma liste</a></div><div class="infos-produit-1"><div class="prix-actuel"><span>3.29€</span></div></div><div class="infos-produit-2"><a title="Voir le produit" href="../pain-d'%25C3%25A9pices/id1/484/106857.html"><h2>JACQUET</h2><h4>Pain d'épices</h4><h4></h4><p>
350 g
<br/>
9.40€/kg
</p></a></div><div class="mini_picto_bas"><img alt="frais" src="http://www.refonte.auchandirect.fr/static/images/frais_small.jpg"/><img src="http://www.refonte.auchandirect.fr/static/images/DLC-garantie-2j_small.jpg"/></div></div></div></td><td><!-- PL : ici --><div class="bloc-produit "><div class="bloc-produit-content"><a title="Voir le produit" href="http://www.refonte.auchandirect.fr/bio-ecolo/epicerie-bio/infusion-nuit-paisible/id1/458/58860"><img src="http://www.refonte.auchandirect.fr/static/images/products/line/58860.jpg" alt="" class="produit "/></a><div class="picto"><span class="invisible"></span></div><div class="boutons-produit"><a id="addProductToBasket_213" onclick="javascript:Tapestry.waitForPage(event);" title="Ajouter au panier" class="bt-produit-ajout-panier" href="http://www.refonte.auchandirect.fr/rayon.productgridorlist.productlist_1.thumbnailproduct_0.addproducttobasket/58860?t:ac=484">Ajouter au panier</a><a id="addProductToShoppingList_324" onclick="javascript:Tapestry.waitForPage(event);" title="Ajouter à ma liste" class="bt-produit-ajout-liste" href="http://www.refonte.auchandirect.fr/rayon.productgridorlist.productlist_1.thumbnailproduct_0.addproducttoshoppinglist/58860?t:ac=484">Ajouter à ma liste</a></div><div class="infos-produit-1"><div class="prix-actuel"><span>2.99€</span></div></div><div class="infos-produit-2"><a title="Voir le produit" href="http://www.refonte.auchandirect.fr/bio-ecolo/epicerie-bio/infusion-nuit-paisible/id1/458/58860"><h2>JARDIN BIO</h2><h4>Infusion nuit paisible</h4><h4></h4><p>
30 g
<br/>
99.67€/kg
</p></a></div><div class="mini_picto_bas"><img src="http://www.refonte.auchandirect.fr/static/images/DLC-garantie-30j_small.jpg"/><img src="http://www.refonte.auchandirect.fr/static/images/AB_small.jpg"/></div></div></div></td><td><!-- PL : ici --><div class="bloc-produit "><div class="bloc-produit-content"><a title="Voir le produit" href="http://www.refonte.auchandirect.fr/bio-ecolo/boissons-bio/pur-jus-de-citron-de-sicile/id1/455/72760"><img src="http://www.refonte.auchandirect.fr/static/images/products/line/72760.jpg" alt="" class="produit "/></a><div class="picto"><span class="invisible"></span></div><div class="boutons-produit"><a id="addProductToBasket_214" onclick="javascript:Tapestry.waitForPage(event);" title="Ajouter au panier" class="bt-produit-ajout-panier" href="http://www.refonte.auchandirect.fr/rayon.productgridorlist.productlist_1.thumbnailproduct_0.addproducttobasket/72760?t:ac=484">Ajouter au panier</a><a id="addProductToShoppingList_325" onclick="javascript:Tapestry.waitForPage(event);" title="Ajouter à ma liste" class="bt-produit-ajout-liste" href="http://www.refonte.auchandirect.fr/rayon.productgridorlist.productlist_1.thumbnailproduct_0.addproducttoshoppinglist/72760?t:ac=484">Ajouter à ma liste</a></div><div class="infos-produit-1"><div class="prix-actuel"><span>1.93€</span></div></div><div class="infos-produit-2"><a title="Voir le produit" href="http://www.refonte.auchandirect.fr/bio-ecolo/boissons-bio/pur-jus-de-citron-de-sicile/id1/455/72760"><h2>JARDIN BIO</h2><h4>Pur jus de citron de Sicile</h4><h4></h4><p>
25 cl
<br/>
77.20€/kg
</p></a></div><div class="mini_picto_bas"></div></div></div></td></tr><tr><td><!-- PL : ici --><div class="bloc-produit  bientot-dispo"><div class="bloc-produit-content"><a title="Voir le produit" href="http://www.refonte.auchandirect.fr/boissons/jus,-softs/coktail-passionata/id1/476/101042"><img src="http://www.refonte.auchandirect.fr/static/images/products/line/101042.jpg" alt="" class="produit "/></a><div class="picto"><span class="invisible"></span></div><div class="boutons-produit"><a class="bt-produit-ajout-panier disable" title="Bientôt disponible" href="javascript:void(0)">Bientôt disponible</a><a id="addProductToShoppingList_326" onclick="javascript:Tapestry.waitForPage(event);" title="Ajouter à ma liste" class="bt-produit-ajout-liste" href="http://www.refonte.auchandirect.fr/rayon.productgridorlist.productlist_1.thumbnailproduct_0.addproducttoshoppinglist/101042?t:ac=484">Ajouter à ma liste</a></div><div class="infos-produit-1"><div class="prix-actuel"><span>2.53€</span></div></div><div class="infos-produit-2"><a title="Voir le produit" href="http://www.refonte.auchandirect.fr/boissons/jus,-softs/coktail-passionata/id1/476/101042"><h2>JOKER</h2><h4>Coktail passionata</h4><h4></h4><p>
1 l
<br/>
2.53€/l
</p></a></div><div class="mini_picto_bas"></div></div></div></td><td><!-- PL : ici --><div class="bloc-produit "><div class="bloc-produit-content"><a title="Voir le produit" href="http://www.refonte.auchandirect.fr/boissons/jus,-softs/jus-multi-ovaline/id1/476/56878"><img src="http://www.refonte.auchandirect.fr/static/images/products/line/56878.jpg" alt="" class="produit "/></a><div class="picto"><span class="invisible"></span></div><div class="boutons-produit"><a id="addProductToBasket_215" onclick="javascript:Tapestry.waitForPage(event);" title="Ajouter au panier" class="bt-produit-ajout-panier" href="http://www.refonte.auchandirect.fr/rayon.productgridorlist.productlist_1.thumbnailproduct_0.addproducttobasket/56878?t:ac=484">Ajouter au panier</a><a id="addProductToShoppingList_327" onclick="javascript:Tapestry.waitForPage(event);" title="Ajouter à ma liste" class="bt-produit-ajout-liste" href="http://www.refonte.auchandirect.fr/rayon.productgridorlist.productlist_1.thumbnailproduct_0.addproducttoshoppinglist/56878?t:ac=484">Ajouter à ma liste</a></div><div class="infos-produit-1"><div class="prix-actuel"><span>1.74€</span></div></div><div class="infos-produit-2"><a title="Voir le produit" href="http://www.refonte.auchandirect.fr/boissons/jus,-softs/jus-multi-ovaline/id1/476/56878"><h2>JOKER</h2><h4>Jus multi ovaline</h4><h4></h4><p>
1 l
<br/>
1.74€/l
</p></a></div><div class="mini_picto_bas"></div></div></div></td><td><!-- PL : ici --><div class="bloc-produit  bientot-dispo"><div class="bloc-produit-content"><a title="Voir le produit" href="http://www.refonte.auchandirect.fr/boissons/jus,-softs/pur-jus-multivitaminé/id1/476/17932"><img src="http://www.refonte.auchandirect.fr/static/images/products/line/17932.jpg" alt="" class="produit "/></a><div class="picto"><span class="invisible"></span></div><div class="boutons-produit"><a class="bt-produit-ajout-panier disable" title="Bientôt disponible" href="javascript:void(0)">Bientôt disponible</a><a id="addProductToShoppingList_328" onclick="javascript:Tapestry.waitForPage(event);" title="Ajouter à ma liste" class="bt-produit-ajout-liste" href="http://www.refonte.auchandirect.fr/rayon.productgridorlist.productlist_1.thumbnailproduct_0.addproducttoshoppinglist/17932?t:ac=484">Ajouter à ma liste</a></div><div class="infos-produit-1"><div class="prix-actuel"><span>3.81€</span></div></div><div class="infos-produit-2"><a title="Voir le produit" href="http://www.refonte.auchandirect.fr/boissons/jus,-softs/pur-jus-multivitaminé/id1/476/17932"><h2>JOKER</h2><h4>Pur jus multivitaminé</h4><h4></h4><p>
2 l
<br/>
1.91€/l
</p></a></div><div class="mini_picto_bas"></div></div></div></td></tr><tr><td><!-- PL : ici --><div class="bloc-produit  bientot-dispo"><div class="bloc-produit-content"><a title="Voir le produit" href="http://www.refonte.auchandirect.fr/boissons/jus,-softs/jus-d'orange-concentré-sans-pulpe/id1/476/1393"><img src="http://www.refonte.auchandirect.fr/static/images/products/line/1393.jpg" alt="" class="produit "/></a><div class="picto"><span class="invisible"></span></div><div class="boutons-produit"><a class="bt-produit-ajout-panier disable" title="Bientôt disponible" href="javascript:void(0)">Bientôt disponible</a><a id="addProductToShoppingList_329" onclick="javascript:Tapestry.waitForPage(event);" title="Ajouter à ma liste" class="bt-produit-ajout-liste" href="http://www.refonte.auchandirect.fr/rayon.productgridorlist.productlist_1.thumbnailproduct_0.addproducttoshoppinglist/1393?t:ac=484">Ajouter à ma liste</a></div><div class="infos-produit-1"><div class="prix-actuel"><span>1.59€</span></div></div><div class="infos-produit-2"><a title="Voir le produit" href="http://www.refonte.auchandirect.fr/boissons/jus,-softs/jus-d'orange-concentré-sans-pulpe/id1/476/1393"><h2>JOKER</h2><h4>Jus d'orange concentré sans pulpe</h4><h4></h4><p>
1 l
<br/>
1.59€/l
</p></a></div><div class="mini_picto_bas"></div></div></div></td><td><!-- PL : ici --><div class="bloc-produit "><div class="bloc-produit-content"><a title="Voir le produit" href="http://www.refonte.auchandirect.fr/boissons/jus,-softs/100-pur-jus-d'orange-sans-pulpe/id1/476/100390"><img src="http://www.refonte.auchandirect.fr/static/images/products/line/100390.jpg" alt="" class="produit "/></a><div class="picto"><span class="invisible"></span></div><div class="boutons-produit"><a id="addProductToBasket_216" onclick="javascript:Tapestry.waitForPage(event);" title="Ajouter au panier" class="bt-produit-ajout-panier" href="http://www.refonte.auchandirect.fr/rayon.productgridorlist.productlist_1.thumbnailproduct_0.addproducttobasket/100390?t:ac=484">Ajouter au panier</a><a id="addProductToShoppingList_330" onclick="javascript:Tapestry.waitForPage(event);" title="Ajouter à ma liste" class="bt-produit-ajout-liste" href="http://www.refonte.auchandirect.fr/rayon.productgridorlist.productlist_1.thumbnailproduct_0.addproducttoshoppinglist/100390?t:ac=484">Ajouter à ma liste</a></div><div class="infos-produit-1"><div class="prix-actuel"><span>1.96€</span></div></div><div class="infos-produit-2"><a title="Voir le produit" href="http://www.refonte.auchandirect.fr/boissons/jus,-softs/100-pur-jus-d'orange-sans-pulpe/id1/476/100390"><h2>JOKER</h2><h4>100 % pur jus d'orange sans pulpe</h4><h4></h4><p>
1 l
<br/>
1.96€/l
</p></a></div><div class="mini_picto_bas"></div></div></div></td><td><!-- PL : ici --><div class="bloc-produit "><div class="bloc-produit-content"><a title="Voir le produit" href="http://www.refonte.auchandirect.fr/boissons/jus,-softs/100-pur-jus-d'orange-pressées-sans-pulpe/id1/476/18504"><img src="http://www.refonte.auchandirect.fr/static/images/products/line/18504.jpg" alt="" class="produit "/></a><div class="picto"><span class="invisible"></span></div><div class="boutons-produit"><a id="addProductToBasket_217" onclick="javascript:Tapestry.waitForPage(event);" title="Ajouter au panier" class="bt-produit-ajout-panier" href="http://www.refonte.auchandirect.fr/rayon.productgridorlist.productlist_1.thumbnailproduct_0.addproducttobasket/18504?t:ac=484">Ajouter au panier</a><a id="addProductToShoppingList_331" onclick="javascript:Tapestry.waitForPage(event);" title="Ajouter à ma liste" class="bt-produit-ajout-liste" href="http://www.refonte.auchandirect.fr/rayon.productgridorlist.productlist_1.thumbnailproduct_0.addproducttoshoppinglist/18504?t:ac=484">Ajouter à ma liste</a></div><div class="infos-produit-1"><div class="prix-actuel"><span>4.09€</span></div></div><div class="infos-produit-2"><a title="Voir le produit" href="http://www.refonte.auchandirect.fr/boissons/jus,-softs/100-pur-jus-d'orange-pressées-sans-pulpe/id1/476/18504"><h2>JOKER</h2><h4>100 % pur jus d'orange pressées sans pulpe</h4><h4></h4><p>
2 l
<br/>
2.05€/l
</p></a></div><div class="mini_picto_bas"></div></div></div></td></tr><tr><td><!-- PL : ici --><div class="bloc-produit "><div class="bloc-produit-content"><a title="Voir le produit" href="http://www.refonte.auchandirect.fr/boissons/jus,-softs/jus-de-pomme-concentré/id1/476/5087"><img src="http://www.refonte.auchandirect.fr/static/images/products/line/5087.jpg" alt="" class="produit "/></a><div class="picto"><span class="invisible"></span></div><div class="boutons-produit"><a id="addProductToBasket_218" onclick="javascript:Tapestry.waitForPage(event);" title="Ajouter au panier" class="bt-produit-ajout-panier" href="http://www.refonte.auchandirect.fr/rayon.productgridorlist.productlist_1.thumbnailproduct_0.addproducttobasket/5087?t:ac=484">Ajouter au panier</a><a id="addProductToShoppingList_332" onclick="javascript:Tapestry.waitForPage(event);" title="Ajouter à ma liste" class="bt-produit-ajout-liste" href="http://www.refonte.auchandirect.fr/rayon.productgridorlist.productlist_1.thumbnailproduct_0.addproducttoshoppinglist/5087?t:ac=484">Ajouter à ma liste</a></div><div class="infos-produit-1"><div class="prix-actuel"><span>1.75€</span></div></div><div class="infos-produit-2"><a title="Voir le produit" href="http://www.refonte.auchandirect.fr/boissons/jus,-softs/jus-de-pomme-concentré/id1/476/5087"><h2>JOKER</h2><h4>Jus de pomme concentré</h4><h4></h4><p>
1 l
<br/>
1.75€/l
</p></a></div><div class="mini_picto_bas"></div></div></div></td><td><!-- PL : ici --><div class="bloc-produit "><div class="bloc-produit-content"><a title="Voir le produit" href="http://www.refonte.auchandirect.fr/petit-déjeuner-epicerie-sucrée/petit-déjeuner/pépites-de-céréales-et-fruits/id1/484/100299"><img src="http://www.refonte.auchandirect.fr/static/images/products/line/100299.jpg" alt="" class="produit "/></a><div class="picto"><span class="invisible"></span></div><div class="boutons-produit"><a id="addProductToBasket_219" onclick="javascript:Tapestry.waitForPage(event);" title="Ajouter au panier" class="bt-produit-ajout-panier" href="http://www.refonte.auchandirect.fr/rayon.productgridorlist.productlist_1.thumbnailproduct_0.addproducttobasket/100299?t:ac=484">Ajouter au panier</a><a id="addProductToShoppingList_333" onclick="javascript:Tapestry.waitForPage(event);" title="Ajouter à ma liste" class="bt-produit-ajout-liste" href="http://www.refonte.auchandirect.fr/rayon.productgridorlist.productlist_1.thumbnailproduct_0.addproducttoshoppinglist/100299?t:ac=484">Ajouter à ma liste</a></div><div class="infos-produit-1"><div class="prix-actuel"><span>3.60€</span></div></div><div class="infos-produit-2"><a title="Voir le produit" href="http://www.refonte.auchandirect.fr/petit-déjeuner-epicerie-sucrée/petit-déjeuner/pépites-de-céréales-et-fruits/id1/484/100299"><h2>JORDANS</h2><h4>Pépites de céréales et fruits</h4><h4>Spécial müesli</h4><p>
750 g
<br/>
4.80€/kg
</p></a></div><div class="mini_picto_bas"><img src="http://www.refonte.auchandirect.fr/static/images/DLC-garantie-30j_small.jpg"/></div></div></div></td><td><!-- PL : ici --><div class="bloc-produit "><div class="bloc-produit-content"><a title="Voir le produit" href="http://www.refonte.auchandirect.fr/petit-déjeuner-epicerie-sucrée/petit-déjeuner/pépites-croustillantes-aux-noix/id1/484/61846"><img src="http://www.refonte.auchandirect.fr/static/images/products/line/61846.jpg" alt="" class="produit "/></a><div class="picto"><span class="invisible"></span></div><div class="boutons-produit"><a id="addProductToBasket_220" onclick="javascript:Tapestry.waitForPage(event);" title="Ajouter au panier" class="bt-produit-ajout-panier" href="http://www.refonte.auchandirect.fr/rayon.productgridorlist.productlist_1.thumbnailproduct_0.addproducttobasket/61846?t:ac=484">Ajouter au panier</a><a id="addProductToShoppingList_334" onclick="javascript:Tapestry.waitForPage(event);" title="Ajouter à ma liste" class="bt-produit-ajout-liste" href="http://www.refonte.auchandirect.fr/rayon.productgridorlist.productlist_1.thumbnailproduct_0.addproducttoshoppinglist/61846?t:ac=484">Ajouter à ma liste</a></div><div class="infos-produit-1"><div class="prix-actuel"><span>3.60€</span></div></div><div class="infos-produit-2"><a title="Voir le produit" href="http://www.refonte.auchandirect.fr/petit-déjeuner-epicerie-sucrée/petit-déjeuner/pépites-croustillantes-aux-noix/id1/484/61846"><h2>JORDANS</h2><h4>Pépites croustillantes  aux noix</h4><h4>Country crisp</h4><p>
550 g
<br/>
6.55€/kg
</p></a></div><div class="mini_picto_bas"></div></div></div></td></tr><tr><td><!-- PL : ici --><div class="bloc-produit "><div class="bloc-produit-content"><a title="Voir le produit" href="http://www.refonte.auchandirect.fr/petit-déjeuner-epicerie-sucrée/petit-déjeuner/pépites-de-céréales-croustillantes-chocolat/id1/484/89843"><img src="http://www.refonte.auchandirect.fr/static/images/products/line/89843.jpg" alt="" class="produit "/></a><div class="picto"><span class="invisible"></span></div><div class="boutons-produit"><a id="addProductToBasket_221" onclick="javascript:Tapestry.waitForPage(event);" title="Ajouter au panier" class="bt-produit-ajout-panier" href="http://www.refonte.auchandirect.fr/rayon.productgridorlist.productlist_1.thumbnailproduct_0.addproducttobasket/89843?t:ac=484">Ajouter au panier</a><a id="addProductToShoppingList_335" onclick="javascript:Tapestry.waitForPage(event);" title="Ajouter à ma liste" class="bt-produit-ajout-liste" href="http://www.refonte.auchandirect.fr/rayon.productgridorlist.productlist_1.thumbnailproduct_0.addproducttoshoppinglist/89843?t:ac=484">Ajouter à ma liste</a></div><div class="infos-produit-1"><div class="prix-actuel"><span>3.82€</span></div></div><div class="infos-produit-2"><a title="Voir le produit" href="http://www.refonte.auchandirect.fr/petit-déjeuner-epicerie-sucrée/petit-déjeuner/pépites-de-céréales-croustillantes-chocolat/id1/484/89843"><h2>JORDANS</h2><h4>Pépites de céréales croustillantes chocolat</h4><h4>Country crisp</h4><p>
550 g
<br/>
6.95€/kg
</p></a></div><div class="mini_picto_bas"></div></div></div></td><td><!-- PL : ici --><div class="bloc-produit "><div class="bloc-produit-content"><a title="Voir le produit" href="http://www.refonte.auchandirect.fr/petit-déjeuner-epicerie-sucrée/petit-déjeuner/pépites-de-céréales-croustillantes-fraise/id1/484/89167"><img src="http://www.refonte.auchandirect.fr/static/images/products/line/89167.jpg" alt="" class="produit "/></a><div class="picto"><span class="invisible"></span></div><div class="boutons-produit"><a id="addProductToBasket_222" onclick="javascript:Tapestry.waitForPage(event);" title="Ajouter au panier" class="bt-produit-ajout-panier" href="http://www.refonte.auchandirect.fr/rayon.productgridorlist.productlist_1.thumbnailproduct_0.addproducttobasket/89167?t:ac=484">Ajouter au panier</a><a id="addProductToShoppingList_336" onclick="javascript:Tapestry.waitForPage(event);" title="Ajouter à ma liste" class="bt-produit-ajout-liste" href="http://www.refonte.auchandirect.fr/rayon.productgridorlist.productlist_1.thumbnailproduct_0.addproducttoshoppinglist/89167?t:ac=484">Ajouter à ma liste</a></div><div class="infos-produit-1"><div class="prix-actuel"><span>3.78€</span></div></div><div class="infos-produit-2"><a title="Voir le produit" href="http://www.refonte.auchandirect.fr/petit-déjeuner-epicerie-sucrée/petit-déjeuner/pépites-de-céréales-croustillantes-fraise/id1/484/89167"><h2>JORDANS</h2><h4>Pépites de céréales croustillantes fraise</h4><h4>Country crisp</h4><p>
550 g
<br/>
6.87€/kg
</p></a></div><div class="mini_picto_bas"></div></div></div></td><td><!-- PL : ici --><div class="bloc-produit "><div class="bloc-produit-content"><a title="Voir le produit" href="http://www.refonte.auchandirect.fr/bio-ecolo/epicerie-bio/barres-au-chocolat-bio/id1/458/95999"><img src="http://www.refonte.auchandirect.fr/static/images/products/line/95999.jpg" alt="" class="produit "/></a><div class="picto"><span class="invisible"></span></div><div class="boutons-produit"><a id="addProductToBasket_223" onclick="javascript:Tapestry.waitForPage(event);" title="Ajouter au panier" class="bt-produit-ajout-panier" href="http://www.refonte.auchandirect.fr/rayon.productgridorlist.productlist_1.thumbnailproduct_0.addproducttobasket/95999?t:ac=484">Ajouter au panier</a><a id="addProductToShoppingList_337" onclick="javascript:Tapestry.waitForPage(event);" title="Ajouter à ma liste" class="bt-produit-ajout-liste" href="http://www.refonte.auchandirect.fr/rayon.productgridorlist.productlist_1.thumbnailproduct_0.addproducttoshoppinglist/95999?t:ac=484">Ajouter à ma liste</a></div><div class="infos-produit-1"><div class="prix-actuel"><span>3.68€</span></div></div><div class="infos-produit-2"><a title="Voir le produit" href="http://www.refonte.auchandirect.fr/bio-ecolo/epicerie-bio/barres-au-chocolat-bio/id1/458/95999"><h2>KALIBIO</h2><h4>Barres au chocolat bio</h4><h4>Choc'O barre</h4><p>
6 x 25 g
<br/>
24.53€/kg
</p></a></div><div class="mini_picto_bas"><img src="http://www.refonte.auchandirect.fr/static/images/AB_small.jpg"/></div></div></div></td></tr><tr><td><!-- PL : ici --><div class="bloc-produit "><div class="bloc-produit-content"><a title="Voir le produit" href="http://www.refonte.auchandirect.fr/bio-ecolo/epicerie-bio/céréales-au-chocolat-bio/id1/458/96000"><img src="http://www.refonte.auchandirect.fr/static/images/products/line/96000.jpg" alt="" class="produit "/></a><div class="picto"><span class="invisible"></span></div><div class="boutons-produit"><a id="addProductToBasket_224" onclick="javascript:Tapestry.waitForPage(event);" title="Ajouter au panier" class="bt-produit-ajout-panier" href="http://www.refonte.auchandirect.fr/rayon.productgridorlist.productlist_1.thumbnailproduct_0.addproducttobasket/96000?t:ac=484">Ajouter au panier</a><a id="addProductToShoppingList_338" onclick="javascript:Tapestry.waitForPage(event);" title="Ajouter à ma liste" class="bt-produit-ajout-liste" href="http://www.refonte.auchandirect.fr/rayon.productgridorlist.productlist_1.thumbnailproduct_0.addproducttoshoppinglist/96000?t:ac=484">Ajouter à ma liste</a></div><div class="infos-produit-1"><div class="prix-actuel"><span>4.39€</span></div></div><div class="infos-produit-2"><a title="Voir le produit" href="http://www.refonte.auchandirect.fr/bio-ecolo/epicerie-bio/céréales-au-chocolat-bio/id1/458/96000"><h2>KALIBIO</h2><h4>Céréales au chocolat bio</h4><h4>Choc'O pétales</h4><p>
375 g
<br/>
11.71€/kg
</p></a></div><div class="mini_picto_bas"><img src="http://www.refonte.auchandirect.fr/static/images/AB_small.jpg"/></div></div></div></td><td><!-- PL : ici --><div class="bloc-produit "><div class="bloc-produit-content"><a title="Voir le produit" href="http://www.refonte.auchandirect.fr/bio-ecolo/epicerie-bio/céréales-au-miel-bio/id1/458/96001"><img src="http://www.refonte.auchandirect.fr/static/images/products/line/96001.jpg" alt="" class="produit "/></a><div class="picto"><span class="invisible"></span></div><div class="boutons-produit"><a id="addProductToBasket_225" onclick="javascript:Tapestry.waitForPage(event);" title="Ajouter au panier" class="bt-produit-ajout-panier" href="http://www.refonte.auchandirect.fr/rayon.productgridorlist.productlist_1.thumbnailproduct_0.addproducttobasket/96001?t:ac=484">Ajouter au panier</a><a id="addProductToShoppingList_339" onclick="javascript:Tapestry.waitForPage(event);" title="Ajouter à ma liste" class="bt-produit-ajout-liste" href="http://www.refonte.auchandirect.fr/rayon.productgridorlist.productlist_1.thumbnailproduct_0.addproducttoshoppinglist/96001?t:ac=484">Ajouter à ma liste</a></div><div class="infos-produit-1"><div class="prix-actuel"><span>4.39€</span></div></div><div class="infos-produit-2"><a title="Voir le produit" href="http://www.refonte.auchandirect.fr/bio-ecolo/epicerie-bio/céréales-au-miel-bio/id1/458/96001"><h2>KALIBIO</h2><h4>Céréales au miel bio</h4><h4>Star O'miel</h4><p>
375 g
<br/>
11.71€/pièce
</p></a></div><div class="mini_picto_bas"><img src="http://www.refonte.auchandirect.fr/static/images/AB_small.jpg"/></div></div></div></td><td><!-- PL : ici --><div class="bloc-produit  bientot-dispo"><div class="bloc-produit-content"><a title="Voir le produit" href="http://www.refonte.auchandirect.fr/bio-ecolo/boissons-bio/briquettes-de-jus-fruits-rouges/id1/455/59778"><img src="http://www.refonte.auchandirect.fr/static/images/products/line/59778.jpg" alt="" class="produit "/></a><div class="picto"><span class="invisible"></span></div><div class="boutons-produit"><a class="bt-produit-ajout-panier disable" title="Bientôt disponible" href="javascript:void(0)">Bientôt disponible</a><a id="addProductToShoppingList_340" onclick="javascript:Tapestry.waitForPage(event);" title="Ajouter à ma liste" class="bt-produit-ajout-liste" href="http://www.refonte.auchandirect.fr/rayon.productgridorlist.productlist_1.thumbnailproduct_0.addproducttoshoppinglist/59778?t:ac=484">Ajouter à ma liste</a></div><div class="infos-produit-1"><div class="prix-actuel"><span>2.34€</span></div></div><div class="infos-produit-2"><a title="Voir le produit" href="http://www.refonte.auchandirect.fr/bio-ecolo/boissons-bio/briquettes-de-jus-fruits-rouges/id1/455/59778"><h2>KALIBIO</h2><h4>Briquettes de jus fruits rouges</h4><h4>Kid'z</h4><p>
3 x 20 cl
<br/>
3.90€/l
</p></a></div><div class="mini_picto_bas"><img src="http://www.refonte.auchandirect.fr/static/images/AB_small.jpg"/></div></div></div></td></tr><tr><td><!-- PL : ici --><div class="bloc-produit "><div class="bloc-produit-content"><a title="Voir le produit" href="http://www.refonte.auchandirect.fr/petit-déjeuner-epicerie-sucrée/petit-déjeuner/barre-de-pétales-de-maïs/id1/484/39755"><img src="http://www.refonte.auchandirect.fr/static/images/products/line/39755.jpg" alt="" class="produit "/></a><div class="picto"><span class="invisible"></span></div><div class="boutons-produit"><a id="addProductToBasket_226" onclick="javascript:Tapestry.waitForPage(event);" title="Ajouter au panier" class="bt-produit-ajout-panier" href="http://www.refonte.auchandirect.fr/rayon.productgridorlist.productlist_1.thumbnailproduct_0.addproducttobasket/39755?t:ac=484">Ajouter au panier</a><a id="addProductToShoppingList_341" onclick="javascript:Tapestry.waitForPage(event);" title="Ajouter à ma liste" class="bt-produit-ajout-liste" href="http://www.refonte.auchandirect.fr/rayon.productgridorlist.productlist_1.thumbnailproduct_0.addproducttoshoppinglist/39755?t:ac=484">Ajouter à ma liste</a></div><div class="infos-produit-1"><div class="prix-actuel"><span>2.45€</span></div></div><div class="infos-produit-2"><a title="Voir le produit" href="http://www.refonte.auchandirect.fr/petit-déjeuner-epicerie-sucrée/petit-déjeuner/barre-de-pétales-de-maïs/id1/484/39755"><h2>KELLOGG'S</h2><h4>Barre de pétales de maïs</h4><h4>Frosties</h4><p>
150 g
<br/>
16.33€/kg
</p></a></div><div class="mini_picto_bas"><img src="http://www.refonte.auchandirect.fr/static/images/DLC-garantie-30j_small.jpg"/></div></div></div></td><td><!-- PL : ici --><div class="bloc-produit  bientot-dispo"><div class="bloc-produit-content"><a title="Voir le produit" href="http://www.refonte.auchandirect.fr/petit-déjeuner-epicerie-sucrée/biscuits,-goûters/barres-aux-feuilles-de-chocolat/id1/483/13346"><img src="http://www.refonte.auchandirect.fr/static/images/products/line/13346.jpg" alt="" class="produit "/></a><div class="picto"><span class="invisible"></span></div><div class="boutons-produit"><a class="bt-produit-ajout-panier disable" title="Bientôt disponible" href="javascript:void(0)">Bientôt disponible</a><a id="addProductToShoppingList_342" onclick="javascript:Tapestry.waitForPage(event);" title="Ajouter à ma liste" class="bt-produit-ajout-liste" href="http://www.refonte.auchandirect.fr/rayon.productgridorlist.productlist_1.thumbnailproduct_0.addproducttoshoppinglist/13346?t:ac=484">Ajouter à ma liste</a></div><div class="infos-produit-1"><div class="prix-actuel"><span>2.78€</span></div></div><div class="infos-produit-2"><a title="Voir le produit" href="http://www.refonte.auchandirect.fr/petit-déjeuner-epicerie-sucrée/biscuits,-goûters/barres-aux-feuilles-de-chocolat/id1/483/13346"><h2>KELLOGG'S</h2><h4>Barres aux feuilles de chocolat</h4><h4>Special K</h4><p>
125 g
<br/>
22.24€/kg
</p></a></div><div class="mini_picto_bas"><img src="http://www.refonte.auchandirect.fr/static/images/DLC-garantie-30j_small.jpg"/></div></div></div></td><td><!-- PL : ici --><div class="bloc-produit "><div class="bloc-produit-content"><a title="Voir le produit" href="http://www.refonte.auchandirect.fr/petit-déjeuner-epicerie-sucrée/petit-déjeuner/biscuit-moments/id1/484/103075"><img src="http://www.refonte.auchandirect.fr/static/images/products/line/103075.jpg" alt="" class="produit "/></a><div class="picto"><span class="invisible"></span></div><div class="boutons-produit"><a id="addProductToBasket_227" onclick="javascript:Tapestry.waitForPage(event);" title="Ajouter au panier" class="bt-produit-ajout-panier" href="http://www.refonte.auchandirect.fr/rayon.productgridorlist.productlist_1.thumbnailproduct_0.addproducttobasket/103075?t:ac=484">Ajouter au panier</a><a id="addProductToShoppingList_343" onclick="javascript:Tapestry.waitForPage(event);" title="Ajouter à ma liste" class="bt-produit-ajout-liste" href="http://www.refonte.auchandirect.fr/rayon.productgridorlist.productlist_1.thumbnailproduct_0.addproducttoshoppinglist/103075?t:ac=484">Ajouter à ma liste</a></div><div class="infos-produit-1"><div class="prix-actuel"><span>2.70€</span></div></div><div class="infos-produit-2"><a title="Voir le produit" href="http://www.refonte.auchandirect.fr/petit-déjeuner-epicerie-sucrée/petit-déjeuner/biscuit-moments/id1/484/103075"><h2>KELLOGG'S</h2><h4>Biscuit moments</h4><h4>Myrtille</h4><p>
5 x 25 g
<br/>
21.60€/kg
</p></a></div><div class="mini_picto_bas"></div></div></div></td></tr><tr><td><!-- PL : ici --><div class="bloc-produit "><div class="bloc-produit-content"><a title="Voir le produit" href="http://www.refonte.auchandirect.fr/petit-déjeuner-epicerie-sucrée/petit-déjeuner/muesli-complet-aux-3-céréales-et-aux-fruits/id1/484/100109"><img src="http://www.refonte.auchandirect.fr/static/images/products/line/100109.jpg" alt="" class="produit "/></a><div class="picto"><span class="invisible"></span></div><div class="boutons-produit"><a id="addProductToBasket_228" onclick="javascript:Tapestry.waitForPage(event);" title="Ajouter au panier" class="bt-produit-ajout-panier" href="http://www.refonte.auchandirect.fr/rayon.productgridorlist.productlist_1.thumbnailproduct_0.addproducttobasket/100109?t:ac=484">Ajouter au panier</a><a id="addProductToShoppingList_344" onclick="javascript:Tapestry.waitForPage(event);" title="Ajouter à ma liste" class="bt-produit-ajout-liste" href="http://www.refonte.auchandirect.fr/rayon.productgridorlist.productlist_1.thumbnailproduct_0.addproducttoshoppinglist/100109?t:ac=484">Ajouter à ma liste</a></div><div class="infos-produit-1"><div class="prix-actuel"><span>5.23€</span></div></div><div class="infos-produit-2"><a title="Voir le produit" href="http://www.refonte.auchandirect.fr/petit-déjeuner-epicerie-sucrée/petit-déjeuner/muesli-complet-aux-3-céréales-et-aux-fruits/id1/484/100109"><h2>KELLOGG'S</h2><h4>Muesli complet aux 3 céréales et aux fruits</h4><h4>Country store</h4><p>
750 g
<br/>
6.97€/kg
</p></a></div><div class="mini_picto_bas"><img src="http://www.refonte.auchandirect.fr/static/images/DLC-garantie-30j_small.jpg"/></div></div></div></td><td><!-- PL : ici --><div class="bloc-produit  bientot-dispo"><div class="bloc-produit-content"><a title="Voir le produit" href="http://www.refonte.auchandirect.fr/petit-déjeuner-epicerie-sucrée/petit-déjeuner/céréales-au-son-de-blé/id1/484/1920"><img src="http://www.refonte.auchandirect.fr/static/images/products/line/1920.jpg" alt="" class="produit "/></a><div class="picto"><span class="invisible"></span></div><div class="boutons-produit"><a class="bt-produit-ajout-panier disable" title="Bientôt disponible" href="javascript:void(0)">Bientôt disponible</a><a id="addProductToShoppingList_345" onclick="javascript:Tapestry.waitForPage(event);" title="Ajouter à ma liste" class="bt-produit-ajout-liste" href="http://www.refonte.auchandirect.fr/rayon.productgridorlist.productlist_1.thumbnailproduct_0.addproducttoshoppinglist/1920?t:ac=484">Ajouter à ma liste</a></div><div class="infos-produit-1"><div class="prix-actuel"><span>4.16€</span></div></div><div class="infos-produit-2"><a title="Voir le produit" href="http://www.refonte.auchandirect.fr/petit-déjeuner-epicerie-sucrée/petit-déjeuner/céréales-au-son-de-blé/id1/484/1920"><h2>KELLOGG'S</h2><h4>Céréales au son de blé</h4><h4>All Bran plus</h4><p>
500 g
<br/>
8.32€/kg
</p></a></div><div class="mini_picto_bas"><img src="http://www.refonte.auchandirect.fr/static/images/DLC-garantie-30j_small.jpg"/></div></div></div></td><td><!-- PL : ici --><div class="bloc-produit "><div class="bloc-produit-content"><a title="Voir le produit" href="http://www.refonte.auchandirect.fr/petit-déjeuner-epicerie-sucrée/petit-déjeuner/pépites-chocolat-et-noisettes/id1/484/7709"><img src="http://www.refonte.auchandirect.fr/static/images/products/line/7709.jpg" alt="" class="produit "/></a><div class="picto"><span class="invisible"></span></div><div class="boutons-produit"><a id="addProductToBasket_229" onclick="javascript:Tapestry.waitForPage(event);" title="Ajouter au panier" class="bt-produit-ajout-panier" href="http://www.refonte.auchandirect.fr/rayon.productgridorlist.productlist_1.thumbnailproduct_0.addproducttobasket/7709?t:ac=484">Ajouter au panier</a><a id="addProductToShoppingList_346" onclick="javascript:Tapestry.waitForPage(event);" title="Ajouter à ma liste" class="bt-produit-ajout-liste" href="http://www.refonte.auchandirect.fr/rayon.productgridorlist.productlist_1.thumbnailproduct_0.addproducttoshoppinglist/7709?t:ac=484">Ajouter à ma liste</a></div><div class="infos-produit-1"><div class="prix-actuel"><span>4.18€</span></div></div><div class="infos-produit-2"><a title="Voir le produit" href="http://www.refonte.auchandirect.fr/petit-déjeuner-epicerie-sucrée/petit-déjeuner/pépites-chocolat-et-noisettes/id1/484/7709"><h2>KELLOGG'S</h2><h4>Pépites chocolat et noisettes</h4><h4>Extra</h4><p>
500 g
<br/>
8.36€/kg
</p></a></div><div class="mini_picto_bas"><img src="http://www.refonte.auchandirect.fr/static/images/DLC-garantie-30j_small.jpg"/></div></div></div></td></tr><tr><td><!-- PL : ici --><div class="bloc-produit  bientot-dispo"><div class="bloc-produit-content"><a title="Voir le produit" href="http://www.refonte.auchandirect.fr/petit-déjeuner-epicerie-sucrée/petit-déjeuner/pépites-de-chocolat-au-lait/id1/484/76300"><img src="http://www.refonte.auchandirect.fr/static/images/products/line/76300.jpg" alt="" class="produit "/></a><div class="picto"><span class="invisible"></span></div><div class="boutons-produit"><a class="bt-produit-ajout-panier disable" title="Bientôt disponible" href="javascript:void(0)">Bientôt disponible</a><a id="addProductToShoppingList_347" onclick="javascript:Tapestry.waitForPage(event);" title="Ajouter à ma liste" class="bt-produit-ajout-liste" href="http://www.refonte.auchandirect.fr/rayon.productgridorlist.productlist_1.thumbnailproduct_0.addproducttoshoppinglist/76300?t:ac=484">Ajouter à ma liste</a></div><div class="infos-produit-1"><div class="prix-actuel"><span>3.89€</span></div></div><div class="infos-produit-2"><a title="Voir le produit" href="http://www.refonte.auchandirect.fr/petit-déjeuner-epicerie-sucrée/petit-déjeuner/pépites-de-chocolat-au-lait/id1/484/76300"><h2>KELLOGG'S</h2><h4>Pépites de chocolat au lait</h4><h4>Extra</h4><p>
500 g
<br/>
7.78€/kg
</p></a></div><div class="mini_picto_bas"></div></div></div></td><td><!-- PL : ici --><div class="bloc-produit "><div class="bloc-produit-content"><a title="Voir le produit" href="http://www.refonte.auchandirect.fr/petit-déjeuner-epicerie-sucrée/petit-déjeuner/céréales-complètes-au-miel/id1/484/46214"><img src="http://www.refonte.auchandirect.fr/static/images/products/line/46214.jpg" alt="" class="produit "/></a><div class="picto"><span class="invisible"></span></div><div class="boutons-produit"><a id="addProductToBasket_230" onclick="javascript:Tapestry.waitForPage(event);" title="Ajouter au panier" class="bt-produit-ajout-panier" href="http://www.refonte.auchandirect.fr/rayon.productgridorlist.productlist_1.thumbnailproduct_0.addproducttobasket/46214?t:ac=484">Ajouter au panier</a><a id="addProductToShoppingList_348" onclick="javascript:Tapestry.waitForPage(event);" title="Ajouter à ma liste" class="bt-produit-ajout-liste" href="http://www.refonte.auchandirect.fr/rayon.productgridorlist.productlist_1.thumbnailproduct_0.addproducttoshoppinglist/46214?t:ac=484">Ajouter à ma liste</a></div><div class="infos-produit-1"><div class="prix-actuel"><span>2.74€</span></div></div><div class="infos-produit-2"><a title="Voir le produit" href="http://www.refonte.auchandirect.fr/petit-déjeuner-epicerie-sucrée/petit-déjeuner/céréales-complètes-au-miel/id1/484/46214"><h2>KELLOGG'S</h2><h4>Céréales complètes au miel</h4><h4>Miel pops Cracks</h4><p>
375 g
<br/>
7.31€/kg
</p></a></div><div class="mini_picto_bas"><img src="http://www.refonte.auchandirect.fr/static/images/DLC-garantie-30j_small.jpg"/></div></div></div></td><td><!-- PL : ici --><div class="bloc-produit  bientot-dispo"><div class="bloc-produit-content"><a title="Voir le produit" href="http://www.refonte.auchandirect.fr/petit-déjeuner-epicerie-sucrée/petit-déjeuner/grains-de-riz-soufflés-et-grillés/id1/484/60477"><img src="http://www.refonte.auchandirect.fr/static/images/products/line/60477.jpg" alt="" class="produit "/></a><div class="picto"><span class="invisible"></span></div><div class="boutons-produit"><a class="bt-produit-ajout-panier disable" title="Bientôt disponible" href="javascript:void(0)">Bientôt disponible</a><a id="addProductToShoppingList_349" onclick="javascript:Tapestry.waitForPage(event);" title="Ajouter à ma liste" class="bt-produit-ajout-liste" href="http://www.refonte.auchandirect.fr/rayon.productgridorlist.productlist_1.thumbnailproduct_0.addproducttoshoppinglist/60477?t:ac=484">Ajouter à ma liste</a></div><div class="infos-produit-1"><div class="prix-actuel"><span>3.01€</span></div></div><div class="infos-produit-2"><a title="Voir le produit" href="http://www.refonte.auchandirect.fr/petit-déjeuner-epicerie-sucrée/petit-déjeuner/grains-de-riz-soufflés-et-grillés/id1/484/60477"><h2>KELLOGG'S</h2><h4>Grains de riz soufflés et grillés</h4><h4>Rice Krispies</h4><p>
375 g
<br/>
8.03€/kg
</p></a></div><div class="mini_picto_bas"><img src="http://www.refonte.auchandirect.fr/static/images/DLC-garantie-30j_small.jpg"/></div></div></div></td></tr><tr><td><!-- PL : ici --><div class="bloc-produit "><div class="bloc-produit-content"><a title="Voir le produit" href="http://www.refonte.auchandirect.fr/petit-déjeuner-epicerie-sucrée/petit-déjeuner/grains-de-riz-soufflés-au-miel/id1/484/100492"><img src="http://www.refonte.auchandirect.fr/static/images/products/line/100492.jpg" alt="" class="produit "/></a><div class="picto"><span class="invisible"></span></div><div class="boutons-produit"><a id="addProductToBasket_231" onclick="javascript:Tapestry.waitForPage(event);" title="Ajouter au panier" class="bt-produit-ajout-panier" href="http://www.refonte.auchandirect.fr/rayon.productgridorlist.productlist_1.thumbnailproduct_0.addproducttobasket/100492?t:ac=484">Ajouter au panier</a><a id="addProductToShoppingList_350" onclick="javascript:Tapestry.waitForPage(event);" title="Ajouter à ma liste" class="bt-produit-ajout-liste" href="http://www.refonte.auchandirect.fr/rayon.productgridorlist.productlist_1.thumbnailproduct_0.addproducttoshoppinglist/100492?t:ac=484">Ajouter à ma liste</a></div><div class="infos-produit-1"><div class="prix-actuel"><span>2.52€</span></div></div><div class="infos-produit-2"><a title="Voir le produit" href="http://www.refonte.auchandirect.fr/petit-déjeuner-epicerie-sucrée/petit-déjeuner/grains-de-riz-soufflés-au-miel/id1/484/100492"><h2>KELLOGG'S</h2><h4>Grains de riz soufflés au miel</h4><h4>Miel pops</h4><p>
375 g
<br/>
6.72€/kg
</p></a></div><div class="mini_picto_bas"><img src="http://www.refonte.auchandirect.fr/static/images/DLC-garantie-30j_small.jpg"/></div></div></div></td><td><!-- PL : ici --><div class="bloc-produit "><div class="bloc-produit-content"><a title="Voir le produit" href="http://www.refonte.auchandirect.fr/petit-déjeuner-epicerie-sucrée/petit-déjeuner/grains-de-blé-soufflés-caramel/id1/484/100837"><img src="http://www.refonte.auchandirect.fr/static/images/products/line/100837.jpg" alt="" class="produit "/></a><div class="picto"><span class="invisible"></span></div><div class="boutons-produit"><a id="addProductToBasket_232" onclick="javascript:Tapestry.waitForPage(event);" title="Ajouter au panier" class="bt-produit-ajout-panier" href="http://www.refonte.auchandirect.fr/rayon.productgridorlist.productlist_1.thumbnailproduct_0.addproducttobasket/100837?t:ac=484">Ajouter au panier</a><a id="addProductToShoppingList_351" onclick="javascript:Tapestry.waitForPage(event);" title="Ajouter à ma liste" class="bt-produit-ajout-liste" href="http://www.refonte.auchandirect.fr/rayon.productgridorlist.productlist_1.thumbnailproduct_0.addproducttoshoppinglist/100837?t:ac=484">Ajouter à ma liste</a></div><div class="infos-produit-1"><div class="prix-actuel"><span>2.54€</span></div></div><div class="infos-produit-2"><a title="Voir le produit" href="http://www.refonte.auchandirect.fr/petit-déjeuner-epicerie-sucrée/petit-déjeuner/grains-de-blé-soufflés-caramel/id1/484/100837"><h2>KELLOGG'S</h2><h4>Grains de blé soufflés caramel</h4><h4>Smacks</h4><p>
375 g
<br/>
6.77€/kg
</p></a></div><div class="mini_picto_bas"><img src="http://www.refonte.auchandirect.fr/static/images/DLC-garantie-30j_small.jpg"/></div></div></div></td><td><!-- PL : ici --><div class="bloc-produit "><div class="bloc-produit-content"><a title="Voir le produit" href="http://www.refonte.auchandirect.fr/petit-déjeuner-epicerie-sucrée/petit-déjeuner/grains-de-riz-soufflés-chocolat/id1/484/100878"><img src="http://www.refonte.auchandirect.fr/static/images/products/line/100878.jpg" alt="" class="produit "/></a><div class="picto"><span class="invisible"></span></div><div class="boutons-produit"><a id="addProductToBasket_233" onclick="javascript:Tapestry.waitForPage(event);" title="Ajouter au panier" class="bt-produit-ajout-panier" href="http://www.refonte.auchandirect.fr/rayon.productgridorlist.productlist_1.thumbnailproduct_0.addproducttobasket/100878?t:ac=484">Ajouter au panier</a><a id="addProductToShoppingList_352" onclick="javascript:Tapestry.waitForPage(event);" title="Ajouter à ma liste" class="bt-produit-ajout-liste" href="http://www.refonte.auchandirect.fr/rayon.productgridorlist.productlist_1.thumbnailproduct_0.addproducttoshoppinglist/100878?t:ac=484">Ajouter à ma liste</a></div><div class="infos-produit-1"><div class="prix-actuel"><span>2.89€</span></div></div><div class="infos-produit-2"><a title="Voir le produit" href="http://www.refonte.auchandirect.fr/petit-déjeuner-epicerie-sucrée/petit-déjeuner/grains-de-riz-soufflés-chocolat/id1/484/100878"><h2>KELLOGG'S</h2><h4>Grains de riz soufflés chocolat</h4><h4>Coco Pops</h4><p>
375 g
<br/>
7.71€/kg
</p></a></div><div class="mini_picto_bas"><img src="http://www.refonte.auchandirect.fr/static/images/DLC-garantie-30j_small.jpg"/></div></div></div></td></tr><tr><td><!-- PL : ici --><div class="bloc-produit "><div class="bloc-produit-content"><a title="Voir le produit" href="http://www.refonte.auchandirect.fr/petit-déjeuner-epicerie-sucrée/petit-déjeuner/pétales-de-maïs-glacés-au-sucre/id1/484/1578"><img src="http://www.refonte.auchandirect.fr/static/images/products/line/1578.jpg" alt="" class="produit "/></a><div class="picto"><span class="invisible"></span></div><div class="boutons-produit"><a id="addProductToBasket_234" onclick="javascript:Tapestry.waitForPage(event);" title="Ajouter au panier" class="bt-produit-ajout-panier" href="http://www.refonte.auchandirect.fr/rayon.productgridorlist.productlist_1.thumbnailproduct_0.addproducttobasket/1578?t:ac=484">Ajouter au panier</a><a id="addProductToShoppingList_353" onclick="javascript:Tapestry.waitForPage(event);" title="Ajouter à ma liste" class="bt-produit-ajout-liste" href="http://www.refonte.auchandirect.fr/rayon.productgridorlist.productlist_1.thumbnailproduct_0.addproducttoshoppinglist/1578?t:ac=484">Ajouter à ma liste</a></div><div class="infos-produit-1"><div class="prix-actuel"><span>2.55€</span></div></div><div class="infos-produit-2"><a title="Voir le produit" href="http://www.refonte.auchandirect.fr/petit-déjeuner-epicerie-sucrée/petit-déjeuner/pétales-de-maïs-glacés-au-sucre/id1/484/1578"><h2>KELLOGG'S</h2><h4>Pétales de maïs glacés au sucre</h4><h4>Frosties</h4><p>
375 g
<br/>
6.80€/kg
</p></a></div><div class="mini_picto_bas"><img src="http://www.refonte.auchandirect.fr/static/images/DLC-garantie-30j_small.jpg"/></div></div></div></td><td><!-- PL : ici --><div class="bloc-produit "><div class="bloc-produit-content"><a title="Voir le produit" href="http://www.refonte.auchandirect.fr/petit-déjeuner-epicerie-sucrée/petit-déjeuner/mini-paquets-de-céréales-x-8/id1/484/3138"><img src="http://www.refonte.auchandirect.fr/static/images/products/line/3138.jpg" alt="" class="produit "/></a><div class="picto"><span class="invisible"></span></div><div class="boutons-produit"><a id="addProductToBasket_235" onclick="javascript:Tapestry.waitForPage(event);" title="Ajouter au panier" class="bt-produit-ajout-panier" href="http://www.refonte.auchandirect.fr/rayon.productgridorlist.productlist_1.thumbnailproduct_0.addproducttobasket/3138?t:ac=484">Ajouter au panier</a><a id="addProductToShoppingList_354" onclick="javascript:Tapestry.waitForPage(event);" title="Ajouter à ma liste" class="bt-produit-ajout-liste" href="http://www.refonte.auchandirect.fr/rayon.productgridorlist.productlist_1.thumbnailproduct_0.addproducttoshoppinglist/3138?t:ac=484">Ajouter à ma liste</a></div><div class="infos-produit-1"><div class="prix-actuel"><span>3.49€</span></div></div><div class="infos-produit-2"><a title="Voir le produit" href="http://www.refonte.auchandirect.fr/petit-déjeuner-epicerie-sucrée/petit-déjeuner/mini-paquets-de-céréales-x-8/id1/484/3138"><h2>KELLOGG'S</h2><h4>Mini paquets de céréales x 8</h4><h4>Variety</h4><p>
200 g
<br/>
17.45€/kg
</p></a></div><div class="mini_picto_bas"><img src="http://www.refonte.auchandirect.fr/static/images/DLC-garantie-30j_small.jpg"/></div></div></div></td><td><!-- PL : ici --><div class="bloc-produit "><div class="bloc-produit-content"><a title="Voir le produit" href="http://www.refonte.auchandirect.fr/petit-déjeuner-epicerie-sucrée/petit-déjeuner/céréales-aux-noisettes/id1/484/76299"><img src="http://www.refonte.auchandirect.fr/static/images/products/line/76299.jpg" alt="" class="produit "/></a><div class="picto"><span class="invisible"></span></div><div class="boutons-produit"><a id="addProductToBasket_236" onclick="javascript:Tapestry.waitForPage(event);" title="Ajouter au panier" class="bt-produit-ajout-panier" href="http://www.refonte.auchandirect.fr/rayon.productgridorlist.productlist_1.thumbnailproduct_0.addproducttobasket/76299?t:ac=484">Ajouter au panier</a><a id="addProductToShoppingList_355" onclick="javascript:Tapestry.waitForPage(event);" title="Ajouter à ma liste" class="bt-produit-ajout-liste" href="http://www.refonte.auchandirect.fr/rayon.productgridorlist.productlist_1.thumbnailproduct_0.addproducttoshoppinglist/76299?t:ac=484">Ajouter à ma liste</a></div><div class="infos-produit-1"><div class="prix-actuel"><span>4.58€</span></div></div><div class="infos-produit-2"><a title="Voir le produit" href="http://www.refonte.auchandirect.fr/petit-déjeuner-epicerie-sucrée/petit-déjeuner/céréales-aux-noisettes/id1/484/76299"><h2>KELLOGG'S</h2><h4>Céréales aux noisettes</h4><h4>Trésor</h4><p>
650 g
<br/>
7.05€/kg
</p></a></div><div class="mini_picto_bas"></div></div></div></td></tr><tr><td><!-- PL : ici --><div class="bloc-produit "><div class="bloc-produit-content"><a title="Voir le produit" href="http://www.refonte.auchandirect.fr/petit-déjeuner-epicerie-sucrée/petit-déjeuner/barre-de-céréales-fourrées-au-chocolat-et-aux-noisettes/id1/484/74983"><img src="http://www.refonte.auchandirect.fr/static/images/products/line/74983.jpg" alt="" class="produit "/></a><div class="picto"><span class="invisible"></span></div><div class="boutons-produit"><a id="addProductToBasket_237" onclick="javascript:Tapestry.waitForPage(event);" title="Ajouter au panier" class="bt-produit-ajout-panier" href="http://www.refonte.auchandirect.fr/rayon.productgridorlist.productlist_1.thumbnailproduct_0.addproducttobasket/74983?t:ac=484">Ajouter au panier</a><a id="addProductToShoppingList_356" onclick="javascript:Tapestry.waitForPage(event);" title="Ajouter à ma liste" class="bt-produit-ajout-liste" href="http://www.refonte.auchandirect.fr/rayon.productgridorlist.productlist_1.thumbnailproduct_0.addproducttoshoppinglist/74983?t:ac=484">Ajouter à ma liste</a></div><div class="infos-produit-1"><div class="prix-actuel"><span>2.95€</span></div></div><div class="infos-produit-2"><a title="Voir le produit" href="http://www.refonte.auchandirect.fr/petit-déjeuner-epicerie-sucrée/petit-déjeuner/barre-de-céréales-fourrées-au-chocolat-et-aux-noisettes/id1/484/74983"><h2>KELLOGG'S</h2><h4>Barre de céréales fourrées au chocolat et aux noisettes</h4><h4>Sticks trésor</h4><p>
6 x 21 g
<br/>
23.41€/kg
</p></a></div><div class="mini_picto_bas"></div></div></div></td><td><!-- PL : ici --><div class="bloc-produit "><div class="bloc-produit-content"><a title="Voir le produit" href="http://www.refonte.auchandirect.fr/petit-déjeuner-epicerie-sucrée/petit-déjeuner/céréales-au-chocolat-au-lait/id1/484/97045"><img src="http://www.refonte.auchandirect.fr/static/images/products/line/97045.jpg" alt="" class="produit "/></a><div class="picto"><span class="invisible"></span></div><div class="boutons-produit"><a id="addProductToBasket_238" onclick="javascript:Tapestry.waitForPage(event);" title="Ajouter au panier" class="bt-produit-ajout-panier" href="http://www.refonte.auchandirect.fr/rayon.productgridorlist.productlist_1.thumbnailproduct_0.addproducttobasket/97045?t:ac=484">Ajouter au panier</a><a id="addProductToShoppingList_357" onclick="javascript:Tapestry.waitForPage(event);" title="Ajouter à ma liste" class="bt-produit-ajout-liste" href="http://www.refonte.auchandirect.fr/rayon.productgridorlist.productlist_1.thumbnailproduct_0.addproducttoshoppinglist/97045?t:ac=484">Ajouter à ma liste</a></div><div class="infos-produit-1"><div class="prix-actuel"><span>2.85€</span></div></div><div class="infos-produit-2"><a title="Voir le produit" href="http://www.refonte.auchandirect.fr/petit-déjeuner-epicerie-sucrée/petit-déjeuner/céréales-au-chocolat-au-lait/id1/484/97045"><h2>KELLOGG'S</h2><h4>Céréales au chocolat au lait</h4><h4>Trésor</h4><p>
400 g
<br/>
7.13€/kg
</p></a></div><div class="mini_picto_bas"></div></div></div></td><td><!-- PL : ici --><div class="bloc-produit "><div class="bloc-produit-content"><a title="Voir le produit" href="http://www.refonte.auchandirect.fr/petit-déjeuner-epicerie-sucrée/petit-déjeuner/céréales-aux-2-chocolats/id1/484/97733"><img src="http://www.refonte.auchandirect.fr/static/images/products/line/97733.jpg" alt="" class="produit "/></a><div class="picto"><span class="invisible"></span></div><div class="boutons-produit"><a id="addProductToBasket_239" onclick="javascript:Tapestry.waitForPage(event);" title="Ajouter au panier" class="bt-produit-ajout-panier" href="http://www.refonte.auchandirect.fr/rayon.productgridorlist.productlist_1.thumbnailproduct_0.addproducttobasket/97733?t:ac=484">Ajouter au panier</a><a id="addProductToShoppingList_358" onclick="javascript:Tapestry.waitForPage(event);" title="Ajouter à ma liste" class="bt-produit-ajout-liste" href="http://www.refonte.auchandirect.fr/rayon.productgridorlist.productlist_1.thumbnailproduct_0.addproducttoshoppinglist/97733?t:ac=484">Ajouter à ma liste</a></div><div class="infos-produit-1"><div class="prix-actuel"><span>3.12€</span></div></div><div class="infos-produit-2"><a title="Voir le produit" href="http://www.refonte.auchandirect.fr/petit-déjeuner-epicerie-sucrée/petit-déjeuner/céréales-aux-2-chocolats/id1/484/97733"><h2>KELLOGG'S</h2><h4>Céréales aux 2 chocolats</h4><h4>Trésor</h4><p>
400 g
<br/>
7.80€/kg
</p></a></div><div class="mini_picto_bas"></div></div></div></td></tr><tr><td><!-- PL : ici --><div class="bloc-produit "><div class="bloc-produit-content"><a title="Voir le produit" href="http://www.refonte.auchandirect.fr/petit-déjeuner-epicerie-sucrée/petit-déjeuner/céréales-chocolat-lait/id1/484/98913"><img src="http://www.refonte.auchandirect.fr/static/images/products/line/98913.jpg" alt="" class="produit "/></a><div class="picto"><span class="invisible"></span></div><div class="boutons-produit"><a id="addProductToBasket_240" onclick="javascript:Tapestry.waitForPage(event);" title="Ajouter au panier" class="bt-produit-ajout-panier" href="http://www.refonte.auchandirect.fr/rayon.productgridorlist.productlist_1.thumbnailproduct_0.addproducttobasket/98913?t:ac=484">Ajouter au panier</a><a id="addProductToShoppingList_359" onclick="javascript:Tapestry.waitForPage(event);" title="Ajouter à ma liste" class="bt-produit-ajout-liste" href="http://www.refonte.auchandirect.fr/rayon.productgridorlist.productlist_1.thumbnailproduct_0.addproducttoshoppinglist/98913?t:ac=484">Ajouter à ma liste</a></div><div class="infos-produit-1"><div class="prix-actuel"><span>6.87€</span></div></div><div class="infos-produit-2"><a title="Voir le produit" href="http://www.refonte.auchandirect.fr/petit-déjeuner-epicerie-sucrée/petit-déjeuner/céréales-chocolat-lait/id1/484/98913"><h2>KELLOGG'S</h2><h4>Céréales chocolat lait</h4><h4>Trésor</h4><p>
1 kg
<br/>
6.87€/kg
</p></a></div><div class="mini_picto_bas"></div></div></div></td><td><!-- PL : ici --><div class="bloc-produit "><div class="bloc-produit-content"><a title="Voir le produit" href="http://www.refonte.auchandirect.fr/petit-déjeuner-epicerie-sucrée/petit-déjeuner/céréales-chocolat-noisettes/id1/484/98914"><img src="http://www.refonte.auchandirect.fr/static/images/products/line/98914.jpg" alt="" class="produit "/></a><div class="picto"><span class="invisible"></span></div><div class="boutons-produit"><a id="addProductToBasket_241" onclick="javascript:Tapestry.waitForPage(event);" title="Ajouter au panier" class="bt-produit-ajout-panier" href="http://www.refonte.auchandirect.fr/rayon.productgridorlist.productlist_1.thumbnailproduct_0.addproducttobasket/98914?t:ac=484">Ajouter au panier</a><a id="addProductToShoppingList_360" onclick="javascript:Tapestry.waitForPage(event);" title="Ajouter à ma liste" class="bt-produit-ajout-liste" href="http://www.refonte.auchandirect.fr/rayon.productgridorlist.productlist_1.thumbnailproduct_0.addproducttoshoppinglist/98914?t:ac=484">Ajouter à ma liste</a></div><div class="infos-produit-1"><div class="prix-actuel"><span>6.87€</span></div></div><div class="infos-produit-2"><a title="Voir le produit" href="http://www.refonte.auchandirect.fr/petit-déjeuner-epicerie-sucrée/petit-déjeuner/céréales-chocolat-noisettes/id1/484/98914"><h2>KELLOGG'S</h2><h4>Céréales chocolat noisettes</h4><h4>Trésor</h4><p>
1 kg
<br/>
6.87€/kg
</p></a></div><div class="mini_picto_bas"></div></div></div></td><td><!-- PL : ici --><div class="bloc-produit "><div class="bloc-produit-content"><a title="Voir le produit" href="http://www.refonte.auchandirect.fr/petit-déjeuner-epicerie-sucrée/petit-déjeuner/pétales-de-riz-et-de-blé-avec-morceaux-de-fruits-rouges/id1/484/2469"><img src="http://www.refonte.auchandirect.fr/static/images/products/line/2469.jpg" alt="" class="produit "/></a><div class="picto"><span class="invisible"></span></div><div class="boutons-produit"><a id="addProductToBasket_242" onclick="javascript:Tapestry.waitForPage(event);" title="Ajouter au panier" class="bt-produit-ajout-panier" href="http://www.refonte.auchandirect.fr/rayon.productgridorlist.productlist_1.thumbnailproduct_0.addproducttobasket/2469?t:ac=484">Ajouter au panier</a><a id="addProductToShoppingList_361" onclick="javascript:Tapestry.waitForPage(event);" title="Ajouter à ma liste" class="bt-produit-ajout-liste" href="http://www.refonte.auchandirect.fr/rayon.productgridorlist.productlist_1.thumbnailproduct_0.addproducttoshoppinglist/2469?t:ac=484">Ajouter à ma liste</a></div><div class="infos-produit-1"><div class="prix-actuel"><span>3.49€</span></div></div><div class="infos-produit-2"><a title="Voir le produit" href="http://www.refonte.auchandirect.fr/petit-déjeuner-epicerie-sucrée/petit-déjeuner/pétales-de-riz-et-de-blé-avec-morceaux-de-fruits-rouges/id1/484/2469"><h2>KELLOGG'S</h2><h4>Pétales de riz et de blé avec morceaux de fruits rouges</h4><h4>Spécial K</h4><p>
300 g
<br/>
11.63€/kg
</p></a></div><div class="mini_picto_bas"><img src="http://www.refonte.auchandirect.fr/static/images/DLC-garantie-30j_small.jpg"/></div></div></div></td></tr><tr><td><!-- PL : ici --><div class="bloc-produit  bientot-dispo"><div class="bloc-produit-content"><a title="Voir le produit" href="http://www.refonte.auchandirect.fr/petit-déjeuner-epicerie-sucrée/petit-déjeuner/pétales-de-riz-et-de-blé-avec-copeaux-de-chocolat-noir/id1/484/8847"><img src="http://www.refonte.auchandirect.fr/static/images/products/line/8847.jpg" alt="" class="produit "/></a><div class="picto"><span class="invisible"></span></div><div class="boutons-produit"><a class="bt-produit-ajout-panier disable" title="Bientôt disponible" href="javascript:void(0)">Bientôt disponible</a><a id="addProductToShoppingList_362" onclick="javascript:Tapestry.waitForPage(event);" title="Ajouter à ma liste" class="bt-produit-ajout-liste" href="http://www.refonte.auchandirect.fr/rayon.productgridorlist.productlist_1.thumbnailproduct_0.addproducttoshoppinglist/8847?t:ac=484">Ajouter à ma liste</a></div><div class="infos-produit-1"><div class="prix-actuel"><span>3.23€</span></div></div><div class="infos-produit-2"><a title="Voir le produit" href="http://www.refonte.auchandirect.fr/petit-déjeuner-epicerie-sucrée/petit-déjeuner/pétales-de-riz-et-de-blé-avec-copeaux-de-chocolat-noir/id1/484/8847"><h2>KELLOGG'S</h2><h4>Pétales de riz et de blé avec copeaux de chocolat noir</h4><h4>Spécial K</h4><p>
300 g
<br/>
10.77€/kg
</p></a></div><div class="mini_picto_bas"><img src="http://www.refonte.auchandirect.fr/static/images/DLC-garantie-30j_small.jpg"/></div></div></div></td><td><!-- PL : ici --><div class="bloc-produit "><div class="bloc-produit-content"><a title="Voir le produit" href="http://www.refonte.auchandirect.fr/petit-déjeuner-epicerie-sucrée/petit-déjeuner/pétales-de-riz-et-de-blé-complet-nature/id1/484/60504"><img src="http://www.refonte.auchandirect.fr/static/images/products/line/60504.jpg" alt="" class="produit "/></a><div class="picto"><span class="invisible"></span></div><div class="boutons-produit"><a id="addProductToBasket_243" onclick="javascript:Tapestry.waitForPage(event);" title="Ajouter au panier" class="bt-produit-ajout-panier" href="http://www.refonte.auchandirect.fr/rayon.productgridorlist.productlist_1.thumbnailproduct_0.addproducttobasket/60504?t:ac=484">Ajouter au panier</a><a id="addProductToShoppingList_363" onclick="javascript:Tapestry.waitForPage(event);" title="Ajouter à ma liste" class="bt-produit-ajout-liste" href="http://www.refonte.auchandirect.fr/rayon.productgridorlist.productlist_1.thumbnailproduct_0.addproducttoshoppinglist/60504?t:ac=484">Ajouter à ma liste</a></div><div class="infos-produit-1"><div class="prix-actuel"><span>3.02€</span></div></div><div class="infos-produit-2"><a title="Voir le produit" href="http://www.refonte.auchandirect.fr/petit-déjeuner-epicerie-sucrée/petit-déjeuner/pétales-de-riz-et-de-blé-complet-nature/id1/484/60504"><h2>KELLOGG'S</h2><h4>Pétales de riz et de blé complet nature</h4><h4>Spécial K</h4><p>
450 g
<br/>
6.71€/kg
</p></a></div><div class="mini_picto_bas"><img src="http://www.refonte.auchandirect.fr/static/images/DLC-garantie-30j_small.jpg"/></div></div></div></td><td><!-- PL : ici --><div class="bloc-produit  bientot-dispo"><div class="bloc-produit-content"><a title="Voir le produit" href="http://www.refonte.auchandirect.fr/petit-déjeuner-epicerie-sucrée/petit-déjeuner/pétales-de-riz-avec-copeaux-de-chocolat/id1/484/37718"><img src="http://www.refonte.auchandirect.fr/static/images/products/line/37718.jpg" alt="" class="produit "/></a><div class="picto"><span class="invisible"></span></div><div class="boutons-produit"><a class="bt-produit-ajout-panier disable" title="Bientôt disponible" href="javascript:void(0)">Bientôt disponible</a><a id="addProductToShoppingList_364" onclick="javascript:Tapestry.waitForPage(event);" title="Ajouter à ma liste" class="bt-produit-ajout-liste" href="http://www.refonte.auchandirect.fr/rayon.productgridorlist.productlist_1.thumbnailproduct_0.addproducttoshoppinglist/37718?t:ac=484">Ajouter à ma liste</a></div><div class="infos-produit-1"><div class="prix-actuel"><span>5.74€</span></div></div><div class="infos-produit-2"><a title="Voir le produit" href="http://www.refonte.auchandirect.fr/petit-déjeuner-epicerie-sucrée/petit-déjeuner/pétales-de-riz-avec-copeaux-de-chocolat/id1/484/37718"><h2>KELLOGG'S</h2><h4>Pétales de riz avec copeaux de chocolat</h4><h4>Special K</h4><p>
550 g
<br/>
10.44€/kg
</p></a></div><div class="mini_picto_bas"><img src="http://www.refonte.auchandirect.fr/static/images/DLC-garantie-30j_small.jpg"/></div></div></div></td></tr><tr><td><!-- PL : ici --><div class="bloc-produit "><div class="bloc-produit-content"><a title="Voir le produit" href="http://www.refonte.auchandirect.fr/petit-déjeuner-epicerie-sucrée/petit-déjeuner/pétales-de-riz-et-de-blé-avec-copeaux-de-chocolat-au-lait/id1/484/35673"><img src="http://www.refonte.auchandirect.fr/static/images/products/line/35673.jpg" alt="" class="produit "/></a><div class="picto"><span class="invisible"></span></div><div class="boutons-produit"><a id="addProductToBasket_244" onclick="javascript:Tapestry.waitForPage(event);" title="Ajouter au panier" class="bt-produit-ajout-panier" href="http://www.refonte.auchandirect.fr/rayon.productgridorlist.productlist_1.thumbnailproduct_0.addproducttobasket/35673?t:ac=484">Ajouter au panier</a><a id="addProductToShoppingList_365" onclick="javascript:Tapestry.waitForPage(event);" title="Ajouter à ma liste" class="bt-produit-ajout-liste" href="http://www.refonte.auchandirect.fr/rayon.productgridorlist.productlist_1.thumbnailproduct_0.addproducttoshoppinglist/35673?t:ac=484">Ajouter à ma liste</a></div><div class="infos-produit-1"><div class="prix-actuel"><span>3.23€</span></div></div><div class="infos-produit-2"><a title="Voir le produit" href="http://www.refonte.auchandirect.fr/petit-déjeuner-epicerie-sucrée/petit-déjeuner/pétales-de-riz-et-de-blé-avec-copeaux-de-chocolat-au-lait/id1/484/35673"><h2>KELLOGG'S</h2><h4>Pétales de riz et de blé avec copeaux de chocolat au lait</h4><h4>Spécial K</h4><p>
300 g
<br/>
10.77€/kg
</p></a></div><div class="mini_picto_bas"><img src="http://www.refonte.auchandirect.fr/static/images/DLC-garantie-30j_small.jpg"/></div></div></div></td><td><!-- PL : ici --><div class="bloc-produit "><div class="bloc-produit-content"><a title="Voir le produit" href="http://www.refonte.auchandirect.fr/petit-déjeuner-epicerie-sucrée/petit-déjeuner/pétales-de-riz-et-de-blé-avec-noisettes-et-amandes/id1/484/60779"><img src="http://www.refonte.auchandirect.fr/static/images/products/line/60779.jpg" alt="" class="produit "/></a><div class="picto"><span class="invisible"></span></div><div class="boutons-produit"><a id="addProductToBasket_245" onclick="javascript:Tapestry.waitForPage(event);" title="Ajouter au panier" class="bt-produit-ajout-panier" href="http://www.refonte.auchandirect.fr/rayon.productgridorlist.productlist_1.thumbnailproduct_0.addproducttobasket/60779?t:ac=484">Ajouter au panier</a><a id="addProductToShoppingList_366" onclick="javascript:Tapestry.waitForPage(event);" title="Ajouter à ma liste" class="bt-produit-ajout-liste" href="http://www.refonte.auchandirect.fr/rayon.productgridorlist.productlist_1.thumbnailproduct_0.addproducttoshoppinglist/60779?t:ac=484">Ajouter à ma liste</a></div><div class="infos-produit-1"><div class="prix-actuel"><span>4.40€</span></div></div><div class="infos-produit-2"><a title="Voir le produit" href="http://www.refonte.auchandirect.fr/petit-déjeuner-epicerie-sucrée/petit-déjeuner/pétales-de-riz-et-de-blé-avec-noisettes-et-amandes/id1/484/60779"><h2>KELLOGG'S</h2><h4>Pétales de riz et de blé avec noisettes et amandes</h4><h4>Spécial K</h4><p>
300 g
<br/>
14.67€/kg
</p></a></div><div class="mini_picto_bas"><img src="http://www.refonte.auchandirect.fr/static/images/DLC-garantie-30j_small.jpg"/></div></div></div></td><td><!-- PL : ici --><div class="bloc-produit  bientot-dispo"><div class="bloc-produit-content"><a title="Voir le produit" href="http://www.refonte.auchandirect.fr/petit-déjeuner-epicerie-sucrée/petit-déjeuner/pétales-de-riz-et-de-blé-avec-copeaux-de-chocolat-au-lait/id1/484/49408"><img src="http://www.refonte.auchandirect.fr/static/images/products/line/49408.jpg" alt="" class="produit "/></a><div class="picto"><span class="invisible"></span></div><div class="boutons-produit"><a class="bt-produit-ajout-panier disable" title="Bientôt disponible" href="javascript:void(0)">Bientôt disponible</a><a id="addProductToShoppingList_367" onclick="javascript:Tapestry.waitForPage(event);" title="Ajouter à ma liste" class="bt-produit-ajout-liste" href="http://www.refonte.auchandirect.fr/rayon.productgridorlist.productlist_1.thumbnailproduct_0.addproducttoshoppinglist/49408?t:ac=484">Ajouter à ma liste</a></div><div class="infos-produit-1"><div class="prix-actuel"><span>5.67€</span></div></div><div class="infos-produit-2"><a title="Voir le produit" href="http://www.refonte.auchandirect.fr/petit-déjeuner-epicerie-sucrée/petit-déjeuner/pétales-de-riz-et-de-blé-avec-copeaux-de-chocolat-au-lait/id1/484/49408"><h2>KELLOGG'S</h2><h4>Pétales de riz et de blé avec copeaux de chocolat au lait</h4><h4>Special K</h4><p>
550 g
<br/>
10.31€/kg
</p></a></div><div class="mini_picto_bas"><img src="http://www.refonte.auchandirect.fr/static/images/DLC-garantie-30j_small.jpg"/></div></div></div></td></tr><tr><td><!-- PL : ici --><div class="bloc-produit "><div class="bloc-produit-content"><a title="Voir le produit" href="http://www.refonte.auchandirect.fr/petit-déjeuner-epicerie-sucrée/petit-déjeuner/pétales-de-maïs-dorés-au-four/id1/484/100838"><img src="http://www.refonte.auchandirect.fr/static/images/products/line/100838.jpg" alt="" class="produit "/></a><div class="picto"><span class="invisible"></span></div><div class="boutons-produit"><a id="addProductToBasket_246" onclick="javascript:Tapestry.waitForPage(event);" title="Ajouter au panier" class="bt-produit-ajout-panier" href="http://www.refonte.auchandirect.fr/rayon.productgridorlist.productlist_1.thumbnailproduct_0.addproducttobasket/100838?t:ac=484">Ajouter au panier</a><a id="addProductToShoppingList_368" onclick="javascript:Tapestry.waitForPage(event);" title="Ajouter à ma liste" class="bt-produit-ajout-liste" href="http://www.refonte.auchandirect.fr/rayon.productgridorlist.productlist_1.thumbnailproduct_0.addproducttoshoppinglist/100838?t:ac=484">Ajouter à ma liste</a></div><div class="infos-produit-1"><div class="prix-actuel"><span>1.95€</span></div></div><div class="infos-produit-2"><a title="Voir le produit" href="http://www.refonte.auchandirect.fr/petit-déjeuner-epicerie-sucrée/petit-déjeuner/pétales-de-maïs-dorés-au-four/id1/484/100838"><h2>KELLOGG'S</h2><h4>Pétales de maïs dorés au four</h4><h4>Corn Flakes</h4><p>
375 g
<br/>
5.20€/kg
</p></a></div><div class="mini_picto_bas"><img src="http://www.refonte.auchandirect.fr/static/images/DLC-garantie-30j_small.jpg"/></div></div></div></td><td><!-- PL : ici --><div class="bloc-produit "><div class="bloc-produit-content"><a title="Voir le produit" href="http://www.refonte.auchandirect.fr/petit-déjeuner-epicerie-sucrée/petit-déjeuner/pétales-de-riz-et-de-blé-complet-avec-des-morceaux/id1/484/94568"><img src="http://www.refonte.auchandirect.fr/static/images/products/line/94568.jpg" alt="" class="produit "/></a><div class="picto"><span class="invisible"></span></div><div class="boutons-produit"><a id="addProductToBasket_247" onclick="javascript:Tapestry.waitForPage(event);" title="Ajouter au panier" class="bt-produit-ajout-panier" href="http://www.refonte.auchandirect.fr/rayon.productgridorlist.productlist_1.thumbnailproduct_0.addproducttobasket/94568?t:ac=484">Ajouter au panier</a><a id="addProductToShoppingList_369" onclick="javascript:Tapestry.waitForPage(event);" title="Ajouter à ma liste" class="bt-produit-ajout-liste" href="http://www.refonte.auchandirect.fr/rayon.productgridorlist.productlist_1.thumbnailproduct_0.addproducttoshoppinglist/94568?t:ac=484">Ajouter à ma liste</a></div><div class="infos-produit-1"><div class="prix-actuel"><span>5.77€</span></div></div><div class="infos-produit-2"><a title="Voir le produit" href="http://www.refonte.auchandirect.fr/petit-déjeuner-epicerie-sucrée/petit-déjeuner/pétales-de-riz-et-de-blé-complet-avec-des-morceaux/id1/484/94568"><h2>KELLOGG'S</h2><h4>Pétales de riz et de blé complet avec des morceaux</h4><h4>Spécial K</h4><p>
500 g
<br/>
11.54€/kg
</p></a></div><div class="mini_picto_bas"></div></div></div></td><td><!-- PL : ici --><div class="bloc-produit promotion bientot-dispo"><div class="bloc-produit-content"><a title="Voir le produit" href="http://www.refonte.auchandirect.fr/petit-déjeuner-epicerie-sucrée/petit-déjeuner/pétales-de-riz-et-de-blé-avec-copeaux-de-chocolat-au-lait/id1/484/104284"><img src="http://www.refonte.auchandirect.fr/static/images/products/line/104284.jpg" alt="" class="produit "/></a><div class="picto"><span class="invisible"></span></div><img src="http://www.refonte.auchandirect.fr/static/images/promo_small.png" class="ruban"/><div class="boutons-produit"><a class="bt-produit-ajout-panier disable" title="Bientôt disponible" href="javascript:void(0)">Bientôt disponible</a><a id="addProductToShoppingList_370" onclick="javascript:Tapestry.waitForPage(event);" title="Ajouter à ma liste" class="bt-produit-ajout-liste" href="http://www.refonte.auchandirect.fr/rayon.productgridorlist.productlist_1.thumbnailproduct_0.addproducttoshoppinglist/104284?t:ac=484">Ajouter à ma liste</a></div><div class="infos-produit-1"><div class="prix-actuel"><span>2.70€</span></div></div><div class="infos-produit-2"><a title="Voir le produit" href="http://www.refonte.auchandirect.fr/petit-déjeuner-epicerie-sucrée/petit-déjeuner/pétales-de-riz-et-de-blé-avec-copeaux-de-chocolat-au-lait/id1/484/104284"><h2>KELLOGG'S</h2><h4>Pétales de riz et de blé avec copeaux de chocolat au lait</h4><h4>PRIX CHOC</h4><p>
300 g
<br/>
9.00€/kg
</p></a></div><div class="mini_picto_bas"></div></div></div></td></tr><tr><td><!-- PL : ici --><div class="bloc-produit promotion bientot-dispo"><div class="bloc-produit-content"><a title="Voir le produit" href="http://www.refonte.auchandirect.fr/petit-déjeuner-epicerie-sucrée/petit-déjeuner/pétales-de-riz-et-de-blé-avec-copeaux-de-chocolat-noir/id1/484/104282"><img src="http://www.refonte.auchandirect.fr/static/images/products/line/104282.jpg" alt="" class="produit "/></a><div class="picto"><span class="invisible"></span></div><img src="http://www.refonte.auchandirect.fr/static/images/promo_small.png" class="ruban"/><div class="boutons-produit"><a class="bt-produit-ajout-panier disable" title="Bientôt disponible" href="javascript:void(0)">Bientôt disponible</a><a id="addProductToShoppingList_371" onclick="javascript:Tapestry.waitForPage(event);" title="Ajouter à ma liste" class="bt-produit-ajout-liste" href="http://www.refonte.auchandirect.fr/rayon.productgridorlist.productlist_1.thumbnailproduct_0.addproducttoshoppinglist/104282?t:ac=484">Ajouter à ma liste</a></div><div class="infos-produit-1"><div class="prix-actuel"><span>2.70€</span></div></div><div class="infos-produit-2"><a title="Voir le produit" href="http://www.refonte.auchandirect.fr/petit-déjeuner-epicerie-sucrée/petit-déjeuner/pétales-de-riz-et-de-blé-avec-copeaux-de-chocolat-noir/id1/484/104282"><h2>KELLOGG'S</h2><h4>Pétales de riz et de blé avec copeaux de chocolat noir</h4><h4>PRIX CHOC</h4><p>
300 g
<br/>
9.00€/kg
</p></a></div><div class="mini_picto_bas"></div></div></div></td><td><!-- PL : ici --><div class="bloc-produit promotion"><div class="bloc-produit-content"><a title="Voir le produit" href="../sp%25C3%25A9cial-k-nature/id1/484/104287.html"><img src="http://www.refonte.auchandirect.fr/static/images/products/line/104287.jpg" alt="" class="produit "/></a><div class="picto"><span class="invisible"></span></div><img src="http://www.refonte.auchandirect.fr/static/images/promo_small.png" class="ruban"/><div class="boutons-produit"><a id="addProductToBasket_248" onclick="javascript:Tapestry.waitForPage(event);" title="Ajouter au panier" class="bt-produit-ajout-panier" href="http://www.refonte.auchandirect.fr/rayon.productgridorlist.productlist_1.thumbnailproduct_0.addproducttobasket/104287?t:ac=484">Ajouter au panier</a><a id="addProductToShoppingList_372" onclick="javascript:Tapestry.waitForPage(event);" title="Ajouter à ma liste" class="bt-produit-ajout-liste" href="http://www.refonte.auchandirect.fr/rayon.productgridorlist.productlist_1.thumbnailproduct_0.addproducttoshoppinglist/104287?t:ac=484">Ajouter à ma liste</a></div><div class="infos-produit-1"><div class="prix-actuel"><span>2.80€</span></div></div><div class="infos-produit-2"><a title="Voir le produit" href="../sp%25C3%25A9cial-k-nature/id1/484/104287.html"><h2>KELLOGG'S</h2><h4>Spécial K nature</h4><h4>Spécial K</h4><p>
450 g
<br/>
6.22€/kg
</p></a></div><div class="mini_picto_bas"></div></div></div></td><td><!-- PL : ici --><div class="bloc-produit promotion"><div class="bloc-produit-content"><a title="Voir le produit" href="../special-k-chocolat-au-lait-prix-choc/id1/484/107165.html"><img src="http://www.refonte.auchandirect.fr/static/images/products/line/107165.jpg" alt="" class="produit "/></a><div class="picto"><span class="invisible"></span></div><img src="http://www.refonte.auchandirect.fr/static/images/promo_small.png" class="ruban"/><div class="boutons-produit"><a id="addProductToBasket_249" onclick="javascript:Tapestry.waitForPage(event);" title="Ajouter au panier" class="bt-produit-ajout-panier" href="http://www.refonte.auchandirect.fr/rayon.productgridorlist.productlist_1.thumbnailproduct_0.addproducttobasket/107165?t:ac=484">Ajouter au panier</a><a id="addProductToShoppingList_373" onclick="javascript:Tapestry.waitForPage(event);" title="Ajouter à ma liste" class="bt-produit-ajout-liste" href="http://www.refonte.auchandirect.fr/rayon.productgridorlist.productlist_1.thumbnailproduct_0.addproducttoshoppinglist/107165?t:ac=484">Ajouter à ma liste</a></div><div class="infos-produit-1"><div class="prix-actuel"><span>4.15€</span></div></div><div class="infos-produit-2"><a title="Voir le produit" href="../special-k-chocolat-au-lait-prix-choc/id1/484/107165.html"><h2>KELLOGG'S</h2><h4>Special k chocolat au lait prix choc</h4><h4>Special k</h4><p>
550 g
<br/>
7.55€/kg
</p></a></div><div class="mini_picto_bas"></div></div></div></td></tr><tr><td><!-- PL : ici --><div class="bloc-produit promotion"><div class="bloc-produit-content"><a title="Voir le produit" href="../special-k-au-chocolat-noir-prix-choc/id1/484/107345.html"><img src="http://www.refonte.auchandirect.fr/static/images/products/line/107345.jpg" alt="" class="produit "/></a><div class="picto"><span class="invisible"></span></div><img src="http://www.refonte.auchandirect.fr/static/images/promo_small.png" class="ruban"/><div class="boutons-produit"><a id="addProductToBasket_250" onclick="javascript:Tapestry.waitForPage(event);" title="Ajouter au panier" class="bt-produit-ajout-panier" href="http://www.refonte.auchandirect.fr/rayon.productgridorlist.productlist_1.thumbnailproduct_0.addproducttobasket/107345?t:ac=484">Ajouter au panier</a><a id="addProductToShoppingList_374" onclick="javascript:Tapestry.waitForPage(event);" title="Ajouter à ma liste" class="bt-produit-ajout-liste" href="http://www.refonte.auchandirect.fr/rayon.productgridorlist.productlist_1.thumbnailproduct_0.addproducttoshoppinglist/107345?t:ac=484">Ajouter à ma liste</a></div><div class="infos-produit-1"><div class="prix-actuel"><span>4.15€</span></div></div><div class="infos-produit-2"><a title="Voir le produit" href="../special-k-au-chocolat-noir-prix-choc/id1/484/107345.html"><h2>KELLOGG'S</h2><h4>Special k au chocolat noir prix choc</h4><h4>Special k</h4><p>
550 g
<br/>
7.55€/kg
</p></a></div><div class="mini_picto_bas"></div></div></div></td><td><!-- PL : ici --><div class="bloc-produit  bientot-dispo"><div class="bloc-produit-content"><a title="Voir le produit" href="http://www.refonte.auchandirect.fr/petit-déjeuner-epicerie-sucrée/petit-déjeuner/petits-pains-sans-sucre/id1/484/100659"><img src="http://www.refonte.auchandirect.fr/static/images/products/line/100659.jpg" alt="" class="produit "/></a><div class="picto"><span class="invisible"></span></div><div class="boutons-produit"><a class="bt-produit-ajout-panier disable" title="Bientôt disponible" href="javascript:void(0)">Bientôt disponible</a><a id="addProductToShoppingList_375" onclick="javascript:Tapestry.waitForPage(event);" title="Ajouter à ma liste" class="bt-produit-ajout-liste" href="http://www.refonte.auchandirect.fr/rayon.productgridorlist.productlist_1.thumbnailproduct_0.addproducttoshoppinglist/100659?t:ac=484">Ajouter à ma liste</a></div><div class="infos-produit-1"><div class="prix-actuel"><span>1.66€</span></div></div><div class="infos-produit-2"><a title="Voir le produit" href="http://www.refonte.auchandirect.fr/petit-déjeuner-epicerie-sucrée/petit-déjeuner/petits-pains-sans-sucre/id1/484/100659"><h2>KRISPROLLS</h2><h4>Petits pains sans sucre</h4><h4></h4><p>
225 g
<br/>
7.38€/kg
</p></a></div><div class="mini_picto_bas"><img src="http://www.refonte.auchandirect.fr/static/images/DLC-garantie-30j_small.jpg"/></div></div></div></td><td><!-- PL : ici --><div class="bloc-produit "><div class="bloc-produit-content"><a title="Voir le produit" href="http://www.refonte.auchandirect.fr/petit-déjeuner-epicerie-sucrée/petit-déjeuner/petits-pains-suédois-grillés-au-blé-complet/id1/484/100733"><img src="http://www.refonte.auchandirect.fr/static/images/products/line/100733.jpg" alt="" class="produit "/></a><div class="picto"><span class="invisible"></span></div><div class="boutons-produit"><a id="addProductToBasket_251" onclick="javascript:Tapestry.waitForPage(event);" title="Ajouter au panier" class="bt-produit-ajout-panier" href="http://www.refonte.auchandirect.fr/rayon.productgridorlist.productlist_1.thumbnailproduct_0.addproducttobasket/100733?t:ac=484">Ajouter au panier</a><a id="addProductToShoppingList_376" onclick="javascript:Tapestry.waitForPage(event);" title="Ajouter à ma liste" class="bt-produit-ajout-liste" href="http://www.refonte.auchandirect.fr/rayon.productgridorlist.productlist_1.thumbnailproduct_0.addproducttoshoppinglist/100733?t:ac=484">Ajouter à ma liste</a></div><div class="infos-produit-1"><div class="prix-actuel"><span>1.68€</span></div></div><div class="infos-produit-2"><a title="Voir le produit" href="http://www.refonte.auchandirect.fr/petit-déjeuner-epicerie-sucrée/petit-déjeuner/petits-pains-suédois-grillés-au-blé-complet/id1/484/100733"><h2>KRISPROLLS</h2><h4>Petits pains suédois grillés au blé complet</h4><h4></h4><p>
225 g
<br/>
7.47€/kg
</p></a></div><div class="mini_picto_bas"><img src="http://www.refonte.auchandirect.fr/static/images/DLC-garantie-30j_small.jpg"/></div></div></div></td></tr><tr><td><!-- PL : ici --><div class="bloc-produit "><div class="bloc-produit-content"><a title="Voir le produit" href="http://www.refonte.auchandirect.fr/petit-déjeuner-epicerie-sucrée/petit-déjeuner/petits-pains-suédois-grillés-blonds-dorés/id1/484/100734"><img src="http://www.refonte.auchandirect.fr/static/images/products/line/100734.jpg" alt="" class="produit "/></a><div class="picto"><span class="invisible"></span></div><div class="boutons-produit"><a id="addProductToBasket_252" onclick="javascript:Tapestry.waitForPage(event);" title="Ajouter au panier" class="bt-produit-ajout-panier" href="http://www.refonte.auchandirect.fr/rayon.productgridorlist.productlist_1.thumbnailproduct_0.addproducttobasket/100734?t:ac=484">Ajouter au panier</a><a id="addProductToShoppingList_377" onclick="javascript:Tapestry.waitForPage(event);" title="Ajouter à ma liste" class="bt-produit-ajout-liste" href="http://www.refonte.auchandirect.fr/rayon.productgridorlist.productlist_1.thumbnailproduct_0.addproducttoshoppinglist/100734?t:ac=484">Ajouter à ma liste</a></div><div class="infos-produit-1"><div class="prix-actuel"><span>1.49€</span></div></div><div class="infos-produit-2"><a title="Voir le produit" href="http://www.refonte.auchandirect.fr/petit-déjeuner-epicerie-sucrée/petit-déjeuner/petits-pains-suédois-grillés-blonds-dorés/id1/484/100734"><h2>KRISPROLLS</h2><h4>Petits pains suédois grillés blonds dorés</h4><h4></h4><p>
225 g
<br/>
6.62€/kg
</p></a></div><div class="mini_picto_bas"><img src="http://www.refonte.auchandirect.fr/static/images/DLC-garantie-30j_small.jpg"/></div></div></div></td><td><!-- PL : ici --><div class="bloc-produit "><div class="bloc-produit-content"><a title="Voir le produit" href="http://www.refonte.auchandirect.fr/petit-déjeuner-epicerie-sucrée/petit-déjeuner/capsules-de-café-pur-arabica-x-10/id1/484/58289"><img src="http://www.refonte.auchandirect.fr/static/images/products/line/58289.jpg" alt="" class="produit "/></a><div class="picto"><span class="invisible"></span></div><div class="boutons-produit"><a id="addProductToBasket_253" onclick="javascript:Tapestry.waitForPage(event);" title="Ajouter au panier" class="bt-produit-ajout-panier" href="http://www.refonte.auchandirect.fr/rayon.productgridorlist.productlist_1.thumbnailproduct_0.addproducttobasket/58289?t:ac=484">Ajouter au panier</a><a id="addProductToShoppingList_378" onclick="javascript:Tapestry.waitForPage(event);" title="Ajouter à ma liste" class="bt-produit-ajout-liste" href="http://www.refonte.auchandirect.fr/rayon.productgridorlist.productlist_1.thumbnailproduct_0.addproducttoshoppinglist/58289?t:ac=484">Ajouter à ma liste</a></div><div class="infos-produit-1"><div class="prix-actuel"><span>3.42€</span></div></div><div class="infos-produit-2"><a title="Voir le produit" href="http://www.refonte.auchandirect.fr/petit-déjeuner-epicerie-sucrée/petit-déjeuner/capsules-de-café-pur-arabica-x-10/id1/484/58289"><h2>L'OR EXPRESSO</h2><h4>Capsules de café pur arabica x 10</h4><h4>Decaffeinato</h4><p>
50 g
<br/>
68.40€/kg
</p></a></div><div class="mini_picto_bas"><img src="http://www.refonte.auchandirect.fr/static/images/DLC-garantie-30j_small.jpg"/></div></div></div></td><td><!-- PL : ici --><div class="bloc-produit "><div class="bloc-produit-content"><a title="Voir le produit" href="http://www.refonte.auchandirect.fr/petit-déjeuner-epicerie-sucrée/petit-déjeuner/capsules-de-café-pur-arabica-x-10/id1/484/60637"><img src="http://www.refonte.auchandirect.fr/static/images/products/line/60637.jpg" alt="" class="produit "/></a><div class="picto"><span class="invisible"></span></div><div class="boutons-produit"><a id="addProductToBasket_254" onclick="javascript:Tapestry.waitForPage(event);" title="Ajouter au panier" class="bt-produit-ajout-panier" href="http://www.refonte.auchandirect.fr/rayon.productgridorlist.productlist_1.thumbnailproduct_0.addproducttobasket/60637?t:ac=484">Ajouter au panier</a><a id="addProductToShoppingList_379" onclick="javascript:Tapestry.waitForPage(event);" title="Ajouter à ma liste" class="bt-produit-ajout-liste" href="http://www.refonte.auchandirect.fr/rayon.productgridorlist.productlist_1.thumbnailproduct_0.addproducttoshoppinglist/60637?t:ac=484">Ajouter à ma liste</a></div><div class="infos-produit-1"><div class="prix-actuel"><span>3.29€</span></div></div><div class="infos-produit-2"><a title="Voir le produit" href="http://www.refonte.auchandirect.fr/petit-déjeuner-epicerie-sucrée/petit-déjeuner/capsules-de-café-pur-arabica-x-10/id1/484/60637"><h2>L'OR EXPRESSO</h2><h4>Capsules de café pur arabica x 10</h4><h4>Satinato</h4><p>
52 g
<br/>
63.27€/kg
</p></a></div><div class="mini_picto_bas"><img src="http://www.refonte.auchandirect.fr/static/images/DLC-garantie-30j_small.jpg"/></div></div></div></td></tr><tr><td><!-- PL : ici --><div class="bloc-produit "><div class="bloc-produit-content"><a title="Voir le produit" href="http://www.refonte.auchandirect.fr/petit-déjeuner-epicerie-sucrée/petit-déjeuner/capsules-de-café-pur-arabica-x10/id1/484/58290"><img src="http://www.refonte.auchandirect.fr/static/images/products/line/58290.jpg" alt="" class="produit "/></a><div class="picto"><span class="invisible"></span></div><div class="boutons-produit"><a id="addProductToBasket_255" onclick="javascript:Tapestry.waitForPage(event);" title="Ajouter au panier" class="bt-produit-ajout-panier" href="http://www.refonte.auchandirect.fr/rayon.productgridorlist.productlist_1.thumbnailproduct_0.addproducttobasket/58290?t:ac=484">Ajouter au panier</a><a id="addProductToShoppingList_380" onclick="javascript:Tapestry.waitForPage(event);" title="Ajouter à ma liste" class="bt-produit-ajout-liste" href="http://www.refonte.auchandirect.fr/rayon.productgridorlist.productlist_1.thumbnailproduct_0.addproducttoshoppinglist/58290?t:ac=484">Ajouter à ma liste</a></div><div class="infos-produit-1"><div class="prix-actuel"><span>3.42€</span></div></div><div class="infos-produit-2"><a title="Voir le produit" href="http://www.refonte.auchandirect.fr/petit-déjeuner-epicerie-sucrée/petit-déjeuner/capsules-de-café-pur-arabica-x10/id1/484/58290"><h2>L'OR EXPRESSO</h2><h4>Capsules de café pur arabica x10</h4><h4>Delizioso</h4><p>
52 g
<br/>
65.77€/kg
</p></a></div><div class="mini_picto_bas"><img src="http://www.refonte.auchandirect.fr/static/images/DLC-garantie-30j_small.jpg"/></div></div></div></td><td><!-- PL : ici --><div class="bloc-produit "><div class="bloc-produit-content"><a title="Voir le produit" href="http://www.refonte.auchandirect.fr/petit-déjeuner-epicerie-sucrée/petit-déjeuner/capsules-de-café-pur-arabica-x-10/id1/484/58291"><img src="http://www.refonte.auchandirect.fr/static/images/products/line/58291.jpg" alt="" class="produit "/></a><div class="picto"><span class="invisible"></span></div><div class="boutons-produit"><a id="addProductToBasket_256" onclick="javascript:Tapestry.waitForPage(event);" title="Ajouter au panier" class="bt-produit-ajout-panier" href="http://www.refonte.auchandirect.fr/rayon.productgridorlist.productlist_1.thumbnailproduct_0.addproducttobasket/58291?t:ac=484">Ajouter au panier</a><a id="addProductToShoppingList_381" onclick="javascript:Tapestry.waitForPage(event);" title="Ajouter à ma liste" class="bt-produit-ajout-liste" href="http://www.refonte.auchandirect.fr/rayon.productgridorlist.productlist_1.thumbnailproduct_0.addproducttoshoppinglist/58291?t:ac=484">Ajouter à ma liste</a></div><div class="infos-produit-1"><div class="prix-actuel"><span>3.42€</span></div></div><div class="infos-produit-2"><a title="Voir le produit" href="http://www.refonte.auchandirect.fr/petit-déjeuner-epicerie-sucrée/petit-déjeuner/capsules-de-café-pur-arabica-x-10/id1/484/58291"><h2>L'OR EXPRESSO</h2><h4>Capsules de café pur arabica x 10</h4><h4>Forza</h4><p>
50 g
<br/>
68.40€/kg
</p></a></div><div class="mini_picto_bas"><img src="http://www.refonte.auchandirect.fr/static/images/DLC-garantie-30j_small.jpg"/></div></div></div></td><td><!-- PL : ici --><div class="bloc-produit "><div class="bloc-produit-content"><a title="Voir le produit" href="http://www.refonte.auchandirect.fr/petit-déjeuner-epicerie-sucrée/petit-déjeuner/capsules-de-café-pur-arabica-x-10/id1/484/58292"><img src="http://www.refonte.auchandirect.fr/static/images/products/line/58292.jpg" alt="" class="produit "/></a><div class="picto"><span class="invisible"></span></div><div class="boutons-produit"><a id="addProductToBasket_257" onclick="javascript:Tapestry.waitForPage(event);" title="Ajouter au panier" class="bt-produit-ajout-panier" href="http://www.refonte.auchandirect.fr/rayon.productgridorlist.productlist_1.thumbnailproduct_0.addproducttobasket/58292?t:ac=484">Ajouter au panier</a><a id="addProductToShoppingList_382" onclick="javascript:Tapestry.waitForPage(event);" title="Ajouter à ma liste" class="bt-produit-ajout-liste" href="http://www.refonte.auchandirect.fr/rayon.productgridorlist.productlist_1.thumbnailproduct_0.addproducttoshoppinglist/58292?t:ac=484">Ajouter à ma liste</a></div><div class="infos-produit-1"><div class="prix-actuel"><span>3.42€</span></div></div><div class="infos-produit-2"><a title="Voir le produit" href="http://www.refonte.auchandirect.fr/petit-déjeuner-epicerie-sucrée/petit-déjeuner/capsules-de-café-pur-arabica-x-10/id1/484/58292"><h2>L'OR EXPRESSO</h2><h4>Capsules de café pur arabica x 10</h4><h4>Splendente</h4><p>
50 g
<br/>
68.40€/kg
</p></a></div><div class="mini_picto_bas"><img src="http://www.refonte.auchandirect.fr/static/images/DLC-garantie-30j_small.jpg"/></div></div></div></td></tr><tr><td><!-- PL : ici --><div class="bloc-produit  bientot-dispo"><div class="bloc-produit-content"><a title="Voir le produit" href="http://www.refonte.auchandirect.fr/petit-déjeuner-epicerie-sucrée/petit-déjeuner/capsules-de-café-pur-arabica-x-10/id1/484/74703"><img src="http://www.refonte.auchandirect.fr/static/images/products/line/74703.jpg" alt="" class="produit "/></a><div class="picto"><span class="invisible"></span></div><div class="boutons-produit"><a class="bt-produit-ajout-panier disable" title="Bientôt disponible" href="javascript:void(0)">Bientôt disponible</a><a id="addProductToShoppingList_383" onclick="javascript:Tapestry.waitForPage(event);" title="Ajouter à ma liste" class="bt-produit-ajout-liste" href="http://www.refonte.auchandirect.fr/rayon.productgridorlist.productlist_1.thumbnailproduct_0.addproducttoshoppinglist/74703?t:ac=484">Ajouter à ma liste</a></div><div class="infos-produit-1"><div class="prix-actuel"><span>3.45€</span></div></div><div class="infos-produit-2"><a title="Voir le produit" href="http://www.refonte.auchandirect.fr/petit-déjeuner-epicerie-sucrée/petit-déjeuner/capsules-de-café-pur-arabica-x-10/id1/484/74703"><h2>L'OR EXPRESSO</h2><h4>Capsules de café pur arabica x 10</h4><h4>Sublime or jaune</h4><p>
52 g
<br/>
66.35€/kg
</p></a></div><div class="mini_picto_bas"></div></div></div></td><td><!-- PL : ici --><div class="bloc-produit "><div class="bloc-produit-content"><a title="Voir le produit" href="http://www.refonte.auchandirect.fr/petit-déjeuner-epicerie-sucrée/petit-déjeuner/capsules-de-café-pur-arabica-x-10/id1/484/74705"><img src="http://www.refonte.auchandirect.fr/static/images/products/line/74705.jpg" alt="" class="produit "/></a><div class="picto"><span class="invisible"></span></div><div class="boutons-produit"><a id="addProductToBasket_258" onclick="javascript:Tapestry.waitForPage(event);" title="Ajouter au panier" class="bt-produit-ajout-panier" href="http://www.refonte.auchandirect.fr/rayon.productgridorlist.productlist_1.thumbnailproduct_0.addproducttobasket/74705?t:ac=484">Ajouter au panier</a><a id="addProductToShoppingList_384" onclick="javascript:Tapestry.waitForPage(event);" title="Ajouter à ma liste" class="bt-produit-ajout-liste" href="http://www.refonte.auchandirect.fr/rayon.productgridorlist.productlist_1.thumbnailproduct_0.addproducttoshoppinglist/74705?t:ac=484">Ajouter à ma liste</a></div><div class="infos-produit-1"><div class="prix-actuel"><span>3.35€</span></div></div><div class="infos-produit-2"><a title="Voir le produit" href="http://www.refonte.auchandirect.fr/petit-déjeuner-epicerie-sucrée/petit-déjeuner/capsules-de-café-pur-arabica-x-10/id1/484/74705"><h2>L'OR EXPRESSO</h2><h4>Capsules de café pur arabica x 10</h4><h4>Sublime or Rose</h4><p>
52 g
<br/>
64.42€/kg
</p></a></div><div class="mini_picto_bas"></div></div></div></td><td><!-- PL : ici --><div class="bloc-produit  bientot-dispo"><div class="bloc-produit-content"><a title="Voir le produit" href="http://www.refonte.auchandirect.fr/petit-déjeuner-epicerie-sucrée/petit-déjeuner/pains-au-chocolat/id1/484/58617"><img src="http://www.refonte.auchandirect.fr/static/images/products/line/58617.jpg" alt="" class="produit "/></a><div class="picto"><span class="invisible"></span></div><div class="boutons-produit"><a class="bt-produit-ajout-panier disable" title="Bientôt disponible" href="javascript:void(0)">Bientôt disponible</a><a id="addProductToShoppingList_385" onclick="javascript:Tapestry.waitForPage(event);" title="Ajouter à ma liste" class="bt-produit-ajout-liste" href="http://www.refonte.auchandirect.fr/rayon.productgridorlist.productlist_1.thumbnailproduct_0.addproducttoshoppinglist/58617?t:ac=484">Ajouter à ma liste</a></div><div class="infos-produit-1"><div class="prix-actuel"><span>2.50€</span></div></div><div class="infos-produit-2"><a title="Voir le produit" href="http://www.refonte.auchandirect.fr/petit-déjeuner-epicerie-sucrée/petit-déjeuner/pains-au-chocolat/id1/484/58617"><h2>LA BOULANGERE</h2><h4>Pains au chocolat</h4><h4></h4><p>
x 8
<br/>
6.25€/kg
</p></a></div><div class="mini_picto_bas"><img alt="frais" src="http://www.refonte.auchandirect.fr/static/images/frais_small.jpg"/><img src="http://www.refonte.auchandirect.fr/static/images/DLC-garantie-6j_small.jpg"/></div></div></div></td></tr><tr><td><!-- PL : ici --><div class="bloc-produit "><div class="bloc-produit-content"><a title="Voir le produit" href="http://www.refonte.auchandirect.fr/petit-déjeuner-epicerie-sucrée/petit-déjeuner/petits-pains-+-barres-de-chocolat-poulain/id1/484/52038"><img src="http://www.refonte.auchandirect.fr/static/images/products/line/52038.jpg" alt="" class="produit "/></a><div class="picto"><span class="invisible"></span></div><div class="boutons-produit"><a id="addProductToBasket_259" onclick="javascript:Tapestry.waitForPage(event);" title="Ajouter au panier" class="bt-produit-ajout-panier" href="http://www.refonte.auchandirect.fr/rayon.productgridorlist.productlist_1.thumbnailproduct_0.addproducttobasket/52038?t:ac=484">Ajouter au panier</a><a id="addProductToShoppingList_386" onclick="javascript:Tapestry.waitForPage(event);" title="Ajouter à ma liste" class="bt-produit-ajout-liste" href="http://www.refonte.auchandirect.fr/rayon.productgridorlist.productlist_1.thumbnailproduct_0.addproducttoshoppinglist/52038?t:ac=484">Ajouter à ma liste</a></div><div class="infos-produit-1"><div class="prix-actuel"><span>3.39€</span></div></div><div class="infos-produit-2"><a title="Voir le produit" href="http://www.refonte.auchandirect.fr/petit-déjeuner-epicerie-sucrée/petit-déjeuner/petits-pains-+-barres-de-chocolat-poulain/id1/484/52038"><h2>LA BOULANGERE</h2><h4>Petits pains + barres de chocolat poulain</h4><h4>Le goûter</h4><p>
340 g
<br/>
9.97€/kg
</p></a></div><div class="mini_picto_bas"><img alt="frais" src="http://www.refonte.auchandirect.fr/static/images/frais_small.jpg"/><img src="http://www.refonte.auchandirect.fr/static/images/DLC-garantie-6j_small.jpg"/></div></div></div></td><td><!-- PL : ici --><div class="bloc-produit  bientot-dispo"><div class="bloc-produit-content"><a title="Voir le produit" href="http://www.refonte.auchandirect.fr/petit-déjeuner-epicerie-sucrée/petit-déjeuner/baguettes-viennoises/id1/484/44034"><img src="http://www.refonte.auchandirect.fr/static/images/products/line/44034.jpg" alt="" class="produit "/></a><div class="picto"><span class="invisible"></span></div><div class="boutons-produit"><a class="bt-produit-ajout-panier disable" title="Bientôt disponible" href="javascript:void(0)">Bientôt disponible</a><a id="addProductToShoppingList_387" onclick="javascript:Tapestry.waitForPage(event);" title="Ajouter à ma liste" class="bt-produit-ajout-liste" href="http://www.refonte.auchandirect.fr/rayon.productgridorlist.productlist_1.thumbnailproduct_0.addproducttoshoppinglist/44034?t:ac=484">Ajouter à ma liste</a></div><div class="infos-produit-1"><div class="prix-actuel"><span>2.10€</span></div></div><div class="infos-produit-2"><a title="Voir le produit" href="http://www.refonte.auchandirect.fr/petit-déjeuner-epicerie-sucrée/petit-déjeuner/baguettes-viennoises/id1/484/44034"><h2>LA BOULANGERE</h2><h4>Baguettes viennoises</h4><h4></h4><p>
x 4
<br/>
6.18€/kg
</p></a></div><div class="mini_picto_bas"><img alt="frais" src="http://www.refonte.auchandirect.fr/static/images/frais_small.jpg"/><img src="http://www.refonte.auchandirect.fr/static/images/DLC-garantie-6j_small.jpg"/></div></div></div></td><td><!-- PL : ici --><div class="bloc-produit  bientot-dispo"><div class="bloc-produit-content"><a title="Voir le produit" href="http://www.refonte.auchandirect.fr/petit-déjeuner-epicerie-sucrée/petit-déjeuner/pain-de-mie-complet/id1/484/54122"><img src="http://www.refonte.auchandirect.fr/static/images/products/line/54122.jpg" alt="" class="produit "/></a><div class="picto"><span class="invisible"></span></div><div class="boutons-produit"><a class="bt-produit-ajout-panier disable" title="Bientôt disponible" href="javascript:void(0)">Bientôt disponible</a><a id="addProductToShoppingList_388" onclick="javascript:Tapestry.waitForPage(event);" title="Ajouter à ma liste" class="bt-produit-ajout-liste" href="http://www.refonte.auchandirect.fr/rayon.productgridorlist.productlist_1.thumbnailproduct_0.addproducttoshoppinglist/54122?t:ac=484">Ajouter à ma liste</a></div><div class="infos-produit-1"><div class="prix-actuel"><span>2.48€</span></div></div><div class="infos-produit-2"><a title="Voir le produit" href="http://www.refonte.auchandirect.fr/petit-déjeuner-epicerie-sucrée/petit-déjeuner/pain-de-mie-complet/id1/484/54122"><h2>LA BOULANGERE</h2><h4>Pain de mie complet</h4><h4>Bio</h4><p>
500 g
<br/>
4.96€/kg
</p></a></div><div class="mini_picto_bas"><img alt="frais" src="http://www.refonte.auchandirect.fr/static/images/frais_small.jpg"/><img src="http://www.refonte.auchandirect.fr/static/images/DLC-garantie-6j_small.jpg"/></div></div></div></td></tr><tr><td><!-- PL : ici --><div class="bloc-produit  bientot-dispo"><div class="bloc-produit-content"><a title="Voir le produit" href="http://www.refonte.auchandirect.fr/petit-déjeuner-epicerie-sucrée/bien-etre,-forme/pain-de-mie-complet-allégé-en-sucres-et-matières-grasse/id1/431988/58623"><img src="http://www.refonte.auchandirect.fr/static/images/products/line/58623.jpg" alt="" class="produit "/></a><div class="picto"><span class="invisible"></span></div><div class="boutons-produit"><a class="bt-produit-ajout-panier disable" title="Bientôt disponible" href="javascript:void(0)">Bientôt disponible</a><a id="addProductToShoppingList_389" onclick="javascript:Tapestry.waitForPage(event);" title="Ajouter à ma liste" class="bt-produit-ajout-liste" href="http://www.refonte.auchandirect.fr/rayon.productgridorlist.productlist_1.thumbnailproduct_0.addproducttoshoppinglist/58623?t:ac=484">Ajouter à ma liste</a></div><div class="infos-produit-1"><div class="prix-actuel"><span>1.80€</span></div></div><div class="infos-produit-2"><a title="Voir le produit" href="http://www.refonte.auchandirect.fr/petit-déjeuner-epicerie-sucrée/bien-etre,-forme/pain-de-mie-complet-allégé-en-sucres-et-matières-grasse/id1/431988/58623"><h2>LA BOULANGERE</h2><h4>Pain de mie complet allégé en sucres et matières grasse</h4><h4>Toastiligne</h4><p>
500 g
<br/>
3.60€/kg
</p></a></div><div class="mini_picto_bas"><img alt="frais" src="http://www.refonte.auchandirect.fr/static/images/frais_small.jpg"/><img src="http://www.refonte.auchandirect.fr/static/images/DLC-garantie-6j_small.jpg"/></div></div></div></td><td><!-- PL : ici --><div class="bloc-produit  bientot-dispo"><div class="bloc-produit-content"><a title="Voir le produit" href="http://www.refonte.auchandirect.fr/petit-déjeuner-epicerie-sucrée/petit-déjeuner/tartines-de-campagne/id1/484/44694"><img src="http://www.refonte.auchandirect.fr/static/images/products/line/44694.jpg" alt="" class="produit "/></a><div class="picto"><span class="invisible"></span></div><div class="boutons-produit"><a class="bt-produit-ajout-panier disable" title="Bientôt disponible" href="javascript:void(0)">Bientôt disponible</a><a id="addProductToShoppingList_390" onclick="javascript:Tapestry.waitForPage(event);" title="Ajouter à ma liste" class="bt-produit-ajout-liste" href="http://www.refonte.auchandirect.fr/rayon.productgridorlist.productlist_1.thumbnailproduct_0.addproducttoshoppinglist/44694?t:ac=484">Ajouter à ma liste</a></div><div class="infos-produit-1"><div class="prix-actuel"><span>1.90€</span></div></div><div class="infos-produit-2"><a title="Voir le produit" href="http://www.refonte.auchandirect.fr/petit-déjeuner-epicerie-sucrée/petit-déjeuner/tartines-de-campagne/id1/484/44694"><h2>LA BOULANGERE</h2><h4>Tartines de Campagne</h4><h4></h4><p>
12 tranches, 450 g
<br/>
4.22€/kg
</p></a></div><div class="mini_picto_bas"><img alt="frais" src="http://www.refonte.auchandirect.fr/static/images/frais_small.jpg"/><img src="http://www.refonte.auchandirect.fr/static/images/DLC-garantie-6j_small.jpg"/></div></div></div></td><td><!-- PL : ici --><div class="bloc-produit  bientot-dispo"><div class="bloc-produit-content"><a title="Voir le produit" href="http://www.refonte.auchandirect.fr/petit-déjeuner-epicerie-sucrée/petit-déjeuner/pains-suédois-x-6/id1/484/44033"><img src="http://www.refonte.auchandirect.fr/static/images/products/line/44033.jpg" alt="" class="produit "/></a><div class="picto"><span class="invisible"></span></div><div class="boutons-produit"><a class="bt-produit-ajout-panier disable" title="Bientôt disponible" href="javascript:void(0)">Bientôt disponible</a><a id="addProductToShoppingList_391" onclick="javascript:Tapestry.waitForPage(event);" title="Ajouter à ma liste" class="bt-produit-ajout-liste" href="http://www.refonte.auchandirect.fr/rayon.productgridorlist.productlist_1.thumbnailproduct_0.addproducttoshoppinglist/44033?t:ac=484">Ajouter à ma liste</a></div><div class="infos-produit-1"><div class="prix-actuel"><span>2.53€</span></div></div><div class="infos-produit-2"><a title="Voir le produit" href="http://www.refonte.auchandirect.fr/petit-déjeuner-epicerie-sucrée/petit-déjeuner/pains-suédois-x-6/id1/484/44033"><h2>LA BOULANGERE</h2><h4>Pains Suédois x 6</h4><h4></h4><p>
180 g
<br/>
14.06€/kg
</p></a></div><div class="mini_picto_bas"><img alt="frais" src="http://www.refonte.auchandirect.fr/static/images/frais_small.jpg"/><img src="http://www.refonte.auchandirect.fr/static/images/DLC-garantie-6j_small.jpg"/></div></div></div></td></tr><tr><td><!-- PL : ici --><div class="bloc-produit  bientot-dispo"><div class="bloc-produit-content"><a title="Voir le produit" href="http://www.refonte.auchandirect.fr/petit-déjeuner-epicerie-sucrée/petit-déjeuner/infusion-tilleul-oranger-camomille/id1/484/2994"><img src="http://www.refonte.auchandirect.fr/static/images/products/line/2994.jpg" alt="" class="produit "/></a><div class="picto"><span class="invisible"></span></div><div class="boutons-produit"><a class="bt-produit-ajout-panier disable" title="Bientôt disponible" href="javascript:void(0)">Bientôt disponible</a><a id="addProductToShoppingList_392" onclick="javascript:Tapestry.waitForPage(event);" title="Ajouter à ma liste" class="bt-produit-ajout-liste" href="http://www.refonte.auchandirect.fr/rayon.productgridorlist.productlist_1.thumbnailproduct_0.addproducttoshoppinglist/2994?t:ac=484">Ajouter à ma liste</a></div><div class="infos-produit-1"><div class="prix-actuel"><span>2.23€</span></div></div><div class="infos-produit-2"><a title="Voir le produit" href="http://www.refonte.auchandirect.fr/petit-déjeuner-epicerie-sucrée/petit-déjeuner/infusion-tilleul-oranger-camomille/id1/484/2994"><h2>LA TISANIERE</h2><h4>Infusion tilleul oranger camomille</h4><h4>Nuit calme</h4><p>
37,5 g
<br/>
58.68€/kg
</p></a></div><div class="mini_picto_bas"><img src="http://www.refonte.auchandirect.fr/static/images/DLC-garantie-30j_small.jpg"/></div></div></div></td><td><!-- PL : ici --><div class="bloc-produit "><div class="bloc-produit-content"><a title="Voir le produit" href="http://www.refonte.auchandirect.fr/petit-déjeuner-epicerie-sucrée/petit-déjeuner/infusion-fleur-de-camomille/id1/484/48202"><img src="http://www.refonte.auchandirect.fr/static/images/products/line/48202.jpg" alt="" class="produit "/></a><div class="picto"><span class="invisible"></span></div><div class="boutons-produit"><a id="addProductToBasket_260" onclick="javascript:Tapestry.waitForPage(event);" title="Ajouter au panier" class="bt-produit-ajout-panier" href="http://www.refonte.auchandirect.fr/rayon.productgridorlist.productlist_1.thumbnailproduct_0.addproducttobasket/48202?t:ac=484">Ajouter au panier</a><a id="addProductToShoppingList_393" onclick="javascript:Tapestry.waitForPage(event);" title="Ajouter à ma liste" class="bt-produit-ajout-liste" href="http://www.refonte.auchandirect.fr/rayon.productgridorlist.productlist_1.thumbnailproduct_0.addproducttoshoppinglist/48202?t:ac=484">Ajouter à ma liste</a></div><div class="infos-produit-1"><div class="prix-actuel"><span>2.21€</span></div></div><div class="infos-produit-2"><a title="Voir le produit" href="http://www.refonte.auchandirect.fr/petit-déjeuner-epicerie-sucrée/petit-déjeuner/infusion-fleur-de-camomille/id1/484/48202"><h2>LA TISANIERE</h2><h4>Infusion fleur de camomille</h4><h4>Pur</h4><p>
40 g
<br/>
55.25€/kg
</p></a></div><div class="mini_picto_bas"><img src="http://www.refonte.auchandirect.fr/static/images/DLC-garantie-30j_small.jpg"/></div></div></div></td><td><!-- PL : ici --><div class="bloc-produit "><div class="bloc-produit-content"><a title="Voir le produit" href="http://www.refonte.auchandirect.fr/petit-déjeuner-epicerie-sucrée/petit-déjeuner/infusion/id1/484/55342"><img src="http://www.refonte.auchandirect.fr/static/images/products/line/55342.jpg" alt="" class="produit "/></a><div class="picto"><span class="invisible"></span></div><div class="boutons-produit"><a id="addProductToBasket_261" onclick="javascript:Tapestry.waitForPage(event);" title="Ajouter au panier" class="bt-produit-ajout-panier" href="http://www.refonte.auchandirect.fr/rayon.productgridorlist.productlist_1.thumbnailproduct_0.addproducttobasket/55342?t:ac=484">Ajouter au panier</a><a id="addProductToShoppingList_394" onclick="javascript:Tapestry.waitForPage(event);" title="Ajouter à ma liste" class="bt-produit-ajout-liste" href="http://www.refonte.auchandirect.fr/rayon.productgridorlist.productlist_1.thumbnailproduct_0.addproducttoshoppinglist/55342?t:ac=484">Ajouter à ma liste</a></div><div class="infos-produit-1"><div class="prix-actuel"><span>2.45€</span></div></div><div class="infos-produit-2"><a title="Voir le produit" href="http://www.refonte.auchandirect.fr/petit-déjeuner-epicerie-sucrée/petit-déjeuner/infusion/id1/484/55342"><h2>LA TISANIERE</h2><h4>Infusion</h4><h4>Après-repas</h4><p>
38 g
<br/>
64.47€/kg
</p></a></div><div class="mini_picto_bas"><img src="http://www.refonte.auchandirect.fr/static/images/DLC-garantie-30j_small.jpg"/></div></div></div></td></tr><tr><td><!-- PL : ici --><div class="bloc-produit "><div class="bloc-produit-content"><a title="Voir le produit" href="http://www.refonte.auchandirect.fr/petit-déjeuner-epicerie-sucrée/petit-déjeuner/infusion-drainage-et-élimination/id1/484/45875"><img src="http://www.refonte.auchandirect.fr/static/images/products/line/45875.jpg" alt="" class="produit "/></a><div class="picto"><span class="invisible"></span></div><div class="boutons-produit"><a id="addProductToBasket_262" onclick="javascript:Tapestry.waitForPage(event);" title="Ajouter au panier" class="bt-produit-ajout-panier" href="http://www.refonte.auchandirect.fr/rayon.productgridorlist.productlist_1.thumbnailproduct_0.addproducttobasket/45875?t:ac=484">Ajouter au panier</a><a id="addProductToShoppingList_395" onclick="javascript:Tapestry.waitForPage(event);" title="Ajouter à ma liste" class="bt-produit-ajout-liste" href="http://www.refonte.auchandirect.fr/rayon.productgridorlist.productlist_1.thumbnailproduct_0.addproducttoshoppinglist/45875?t:ac=484">Ajouter à ma liste</a></div><div class="infos-produit-1"><div class="prix-actuel"><span>2.68€</span></div></div><div class="infos-produit-2"><a title="Voir le produit" href="http://www.refonte.auchandirect.fr/petit-déjeuner-epicerie-sucrée/petit-déjeuner/infusion-drainage-et-élimination/id1/484/45875"><h2>LA TISANIERE</h2><h4>Infusion drainage et élimination</h4><h4>Bien-être</h4><p>
38 g
<br/>
70.53€/kg
</p></a></div><div class="mini_picto_bas"><img src="http://www.refonte.auchandirect.fr/static/images/DLC-garantie-30j_small.jpg"/></div></div></div></td><td><!-- PL : ici --><div class="bloc-produit "><div class="bloc-produit-content"><a title="Voir le produit" href="http://www.refonte.auchandirect.fr/bio-ecolo/boissons-bio/lait-demi-écrémé/id1/455/4719"><img src="http://www.refonte.auchandirect.fr/static/images/products/line/4719.jpg" alt="" class="produit "/></a><div class="picto"><span class="invisible"></span></div><div class="boutons-produit"><a id="addProductToBasket_263" onclick="javascript:Tapestry.waitForPage(event);" title="Ajouter au panier" class="bt-produit-ajout-panier" href="http://www.refonte.auchandirect.fr/rayon.productgridorlist.productlist_1.thumbnailproduct_0.addproducttobasket/4719?t:ac=484">Ajouter au panier</a><a id="addProductToShoppingList_396" onclick="javascript:Tapestry.waitForPage(event);" title="Ajouter à ma liste" class="bt-produit-ajout-liste" href="http://www.refonte.auchandirect.fr/rayon.productgridorlist.productlist_1.thumbnailproduct_0.addproducttoshoppinglist/4719?t:ac=484">Ajouter à ma liste</a></div><div class="infos-produit-1"><div class="prix-actuel"><span>8.14€</span></div></div><div class="infos-produit-2"><a title="Voir le produit" href="http://www.refonte.auchandirect.fr/bio-ecolo/boissons-bio/lait-demi-écrémé/id1/455/4719"><h2>LACTEL</h2><h4>Lait demi-écrémé</h4><h4>Bio</h4><p>
6 x 1 l
<br/>
1.36€/l
</p></a></div><div class="mini_picto_bas"><img src="http://www.refonte.auchandirect.fr/static/images/DLC-garantie-30j_small.jpg"/><img src="http://www.refonte.auchandirect.fr/static/images/AB_small.jpg"/></div></div></div></td><td><!-- PL : ici --><div class="bloc-produit  bientot-dispo"><div class="bloc-produit-content"><a title="Voir le produit" href="http://www.refonte.auchandirect.fr/bio-ecolo/boissons-bio/lait-entier/id1/455/44747"><img src="http://www.refonte.auchandirect.fr/static/images/products/line/44747.jpg" alt="" class="produit "/></a><div class="picto"><span class="invisible"></span></div><div class="boutons-produit"><a class="bt-produit-ajout-panier disable" title="Bientôt disponible" href="javascript:void(0)">Bientôt disponible</a><a id="addProductToShoppingList_397" onclick="javascript:Tapestry.waitForPage(event);" title="Ajouter à ma liste" class="bt-produit-ajout-liste" href="http://www.refonte.auchandirect.fr/rayon.productgridorlist.productlist_1.thumbnailproduct_0.addproducttoshoppinglist/44747?t:ac=484">Ajouter à ma liste</a></div><div class="infos-produit-1"><div class="prix-actuel"><span>10.65€</span></div></div><div class="infos-produit-2"><a title="Voir le produit" href="http://www.refonte.auchandirect.fr/bio-ecolo/boissons-bio/lait-entier/id1/455/44747"><h2>LACTEL</h2><h4>Lait entier</h4><h4>Bio</h4><p>
6 X 1 l
<br/>
1.78€/l
</p></a></div><div class="mini_picto_bas"><img src="http://www.refonte.auchandirect.fr/static/images/DLC-garantie-30j_small.jpg"/><img src="http://www.refonte.auchandirect.fr/static/images/AB_small.jpg"/></div></div></div></td></tr><tr><td><!-- PL : ici --><div class="bloc-produit  bientot-dispo"><div class="bloc-produit-content"><a title="Voir le produit" href="http://www.refonte.auchandirect.fr/petit-déjeuner-epicerie-sucrée/petit-déjeuner/lait-de-chèvre-demi-écrémé/id1/484/58209"><img src="http://www.refonte.auchandirect.fr/static/images/products/line/58209.jpg" alt="" class="produit "/></a><div class="picto"><span class="invisible"></span></div><div class="boutons-produit"><a class="bt-produit-ajout-panier disable" title="Bientôt disponible" href="javascript:void(0)">Bientôt disponible</a><a id="addProductToShoppingList_398" onclick="javascript:Tapestry.waitForPage(event);" title="Ajouter à ma liste" class="bt-produit-ajout-liste" href="http://www.refonte.auchandirect.fr/rayon.productgridorlist.productlist_1.thumbnailproduct_0.addproducttoshoppinglist/58209?t:ac=484">Ajouter à ma liste</a></div><div class="infos-produit-1"><div class="prix-actuel"><span>2.00€</span></div></div><div class="infos-produit-2"><a title="Voir le produit" href="http://www.refonte.auchandirect.fr/petit-déjeuner-epicerie-sucrée/petit-déjeuner/lait-de-chèvre-demi-écrémé/id1/484/58209"><h2>LACTEL</h2><h4>Lait de chèvre demi écrémé</h4><h4></h4><p>
1 l
<br/>
2.00€/l
</p></a></div><div class="mini_picto_bas"><img src="http://www.refonte.auchandirect.fr/static/images/DLC-garantie-30j_small.jpg"/></div></div></div></td><td><!-- PL : ici --><div class="bloc-produit  bientot-dispo"><div class="bloc-produit-content"><a title="Voir le produit" href="http://www.refonte.auchandirect.fr/petit-déjeuner-epicerie-sucrée/petit-déjeuner/lait-demi-écrémé/id1/484/5712"><img src="http://www.refonte.auchandirect.fr/static/images/products/line/5712.jpg" alt="" class="produit "/></a><div class="picto"><span class="invisible"></span></div><div class="boutons-produit"><a class="bt-produit-ajout-panier disable" title="Bientôt disponible" href="javascript:void(0)">Bientôt disponible</a><a id="addProductToShoppingList_399" onclick="javascript:Tapestry.waitForPage(event);" title="Ajouter à ma liste" class="bt-produit-ajout-liste" href="http://www.refonte.auchandirect.fr/rayon.productgridorlist.productlist_1.thumbnailproduct_0.addproducttoshoppinglist/5712?t:ac=484">Ajouter à ma liste</a></div><div class="infos-produit-1"><div class="prix-actuel"><span>5.04€</span></div></div><div class="infos-produit-2"><a title="Voir le produit" href="http://www.refonte.auchandirect.fr/petit-déjeuner-epicerie-sucrée/petit-déjeuner/lait-demi-écrémé/id1/484/5712"><h2>LACTEL</h2><h4>Lait demi écrémé</h4><h4></h4><p>
6 x 50 cl
<br/>
1.68€/l
</p></a></div><div class="mini_picto_bas"><img src="http://www.refonte.auchandirect.fr/static/images/DLC-garantie-30j_small.jpg"/></div></div></div></td><td><!-- PL : ici --><div class="bloc-produit "><div class="bloc-produit-content"><a title="Voir le produit" href="http://www.refonte.auchandirect.fr/petit-déjeuner-epicerie-sucrée/petit-déjeuner/lait-entier-pasteurisé/id1/484/47317"><img src="http://www.refonte.auchandirect.fr/static/images/products/line/47317.jpg" alt="" class="produit "/></a><div class="picto"><span class="invisible"></span></div><div class="boutons-produit"><a id="addProductToBasket_264" onclick="javascript:Tapestry.waitForPage(event);" title="Ajouter au panier" class="bt-produit-ajout-panier" href="http://www.refonte.auchandirect.fr/rayon.productgridorlist.productlist_1.thumbnailproduct_0.addproducttobasket/47317?t:ac=484">Ajouter au panier</a><a id="addProductToShoppingList_400" onclick="javascript:Tapestry.waitForPage(event);" title="Ajouter à ma liste" class="bt-produit-ajout-liste" href="http://www.refonte.auchandirect.fr/rayon.productgridorlist.productlist_1.thumbnailproduct_0.addproducttoshoppinglist/47317?t:ac=484">Ajouter à ma liste</a></div><div class="infos-produit-1"><div class="prix-actuel"><span>1.35€</span></div></div><div class="infos-produit-2"><a title="Voir le produit" href="http://www.refonte.auchandirect.fr/petit-déjeuner-epicerie-sucrée/petit-déjeuner/lait-entier-pasteurisé/id1/484/47317"><h2>LACTEL</h2><h4>Lait entier pasteurisé</h4><h4></h4><p>
1 l
<br/>
1.35€/l
</p></a></div><div class="mini_picto_bas"><img alt="frais" src="http://www.refonte.auchandirect.fr/static/images/frais_small.jpg"/><img src="http://www.refonte.auchandirect.fr/static/images/DLC-garantie-7j_small.jpg"/></div></div></div></td></tr><tr><td><!-- PL : ici --><div class="bloc-produit  bientot-dispo"><div class="bloc-produit-content"><a title="Voir le produit" href="http://www.refonte.auchandirect.fr/petit-déjeuner-epicerie-sucrée/petit-déjeuner/lait-frais-demi-écrémé/id1/484/47321"><img src="http://www.refonte.auchandirect.fr/static/images/products/line/47321.jpg" alt="" class="produit "/></a><div class="picto"><span class="invisible"></span></div><div class="boutons-produit"><a class="bt-produit-ajout-panier disable" title="Bientôt disponible" href="javascript:void(0)">Bientôt disponible</a><a id="addProductToShoppingList_401" onclick="javascript:Tapestry.waitForPage(event);" title="Ajouter à ma liste" class="bt-produit-ajout-liste" href="http://www.refonte.auchandirect.fr/rayon.productgridorlist.productlist_1.thumbnailproduct_0.addproducttoshoppinglist/47321?t:ac=484">Ajouter à ma liste</a></div><div class="infos-produit-1"><div class="prix-actuel"><span>1.29€</span></div></div><div class="infos-produit-2"><a title="Voir le produit" href="http://www.refonte.auchandirect.fr/petit-déjeuner-epicerie-sucrée/petit-déjeuner/lait-frais-demi-écrémé/id1/484/47321"><h2>LACTEL</h2><h4>Lait frais demi-écrémé</h4><h4></h4><p>
1 l
<br/>
1.29€/l
</p></a></div><div class="mini_picto_bas"><img alt="frais" src="http://www.refonte.auchandirect.fr/static/images/frais_small.jpg"/><img src="http://www.refonte.auchandirect.fr/static/images/DLC-garantie-7j_small.jpg"/></div></div></div></td><td><!-- PL : ici --><div class="bloc-produit  bientot-dispo"><div class="bloc-produit-content"><a title="Voir le produit" href="http://www.refonte.auchandirect.fr/petit-déjeuner-epicerie-sucrée/petit-déjeuner/lait-écrémé/id1/484/4714"><img src="http://www.refonte.auchandirect.fr/static/images/products/line/4714.jpg" alt="" class="produit "/></a><div class="picto"><span class="invisible"></span></div><div class="boutons-produit"><a class="bt-produit-ajout-panier disable" title="Bientôt disponible" href="javascript:void(0)">Bientôt disponible</a><a id="addProductToShoppingList_402" onclick="javascript:Tapestry.waitForPage(event);" title="Ajouter à ma liste" class="bt-produit-ajout-liste" href="http://www.refonte.auchandirect.fr/rayon.productgridorlist.productlist_1.thumbnailproduct_0.addproducttoshoppinglist/4714?t:ac=484">Ajouter à ma liste</a></div><div class="infos-produit-1"><div class="prix-actuel"><span>8.24€</span></div></div><div class="infos-produit-2"><a title="Voir le produit" href="http://www.refonte.auchandirect.fr/petit-déjeuner-epicerie-sucrée/petit-déjeuner/lait-écrémé/id1/484/4714"><h2>LACTEL</h2><h4>Lait écrémé</h4><h4>Jour après jour</h4><p>
6 x 1 l
<br/>
1.37€/l
</p></a></div><div class="mini_picto_bas"><img src="http://www.refonte.auchandirect.fr/static/images/DLC-garantie-30j_small.jpg"/></div></div></div></td><td><!-- PL : ici --><div class="bloc-produit "><div class="bloc-produit-content"><a title="Voir le produit" href="http://www.refonte.auchandirect.fr/petit-déjeuner-epicerie-sucrée/petit-déjeuner/lait-entier-enrichi-à-la-vitamine-d/id1/484/4715"><img src="http://www.refonte.auchandirect.fr/static/images/products/line/4715.jpg" alt="" class="produit "/></a><div class="picto"><span class="invisible"></span></div><div class="boutons-produit"><a id="addProductToBasket_265" onclick="javascript:Tapestry.waitForPage(event);" title="Ajouter au panier" class="bt-produit-ajout-panier" href="http://www.refonte.auchandirect.fr/rayon.productgridorlist.productlist_1.thumbnailproduct_0.addproducttobasket/4715?t:ac=484">Ajouter au panier</a><a id="addProductToShoppingList_403" onclick="javascript:Tapestry.waitForPage(event);" title="Ajouter à ma liste" class="bt-produit-ajout-liste" href="http://www.refonte.auchandirect.fr/rayon.productgridorlist.productlist_1.thumbnailproduct_0.addproducttoshoppinglist/4715?t:ac=484">Ajouter à ma liste</a></div><div class="infos-produit-1"><div class="prix-actuel"><span>8.86€</span></div></div><div class="infos-produit-2"><a title="Voir le produit" href="http://www.refonte.auchandirect.fr/petit-déjeuner-epicerie-sucrée/petit-déjeuner/lait-entier-enrichi-à-la-vitamine-d/id1/484/4715"><h2>LACTEL</h2><h4>Lait entier enrichi à la vitamine D</h4><h4></h4><p>
6 x 1 l
<br/>
1.48€/l
</p></a></div><div class="mini_picto_bas"><img src="http://www.refonte.auchandirect.fr/static/images/DLC-garantie-30j_small.jpg"/></div></div></div></td></tr><tr><td><!-- PL : ici --><div class="bloc-produit "><div class="bloc-produit-content"><a title="Voir le produit" href="http://www.refonte.auchandirect.fr/petit-déjeuner-epicerie-sucrée/petit-déjeuner/lait-demi-écrémé/id1/484/4716"><img src="http://www.refonte.auchandirect.fr/static/images/products/line/4716.jpg" alt="" class="produit "/></a><div class="picto"><span class="invisible"></span></div><div class="boutons-produit"><a id="addProductToBasket_266" onclick="javascript:Tapestry.waitForPage(event);" title="Ajouter au panier" class="bt-produit-ajout-panier" href="http://www.refonte.auchandirect.fr/rayon.productgridorlist.productlist_1.thumbnailproduct_0.addproducttobasket/4716?t:ac=484">Ajouter au panier</a><a id="addProductToShoppingList_404" onclick="javascript:Tapestry.waitForPage(event);" title="Ajouter à ma liste" class="bt-produit-ajout-liste" href="http://www.refonte.auchandirect.fr/rayon.productgridorlist.productlist_1.thumbnailproduct_0.addproducttoshoppinglist/4716?t:ac=484">Ajouter à ma liste</a></div><div class="infos-produit-1"><div class="prix-actuel"><span>5.94€</span></div></div><div class="infos-produit-2"><a title="Voir le produit" href="http://www.refonte.auchandirect.fr/petit-déjeuner-epicerie-sucrée/petit-déjeuner/lait-demi-écrémé/id1/484/4716"><h2>LACTEL</h2><h4>Lait demi écrémé</h4><h4></h4><p>
6 x 1 l
<br/>
0.99€/l
</p></a></div><div class="mini_picto_bas"><img src="http://www.refonte.auchandirect.fr/static/images/DLC-garantie-30j_small.jpg"/></div></div></div></td><td><!-- PL : ici --><div class="bloc-produit "><div class="bloc-produit-content"><a title="Voir le produit" href="http://www.refonte.auchandirect.fr/petit-déjeuner-epicerie-sucrée/petit-déjeuner/café-en-grains/id1/484/72810"><img src="http://www.refonte.auchandirect.fr/static/images/products/line/72810.jpg" alt="" class="produit "/></a><div class="picto"><span class="invisible"></span></div><div class="boutons-produit"><a id="addProductToBasket_267" onclick="javascript:Tapestry.waitForPage(event);" title="Ajouter au panier" class="bt-produit-ajout-panier" href="http://www.refonte.auchandirect.fr/rayon.productgridorlist.productlist_1.thumbnailproduct_0.addproducttobasket/72810?t:ac=484">Ajouter au panier</a><a id="addProductToShoppingList_405" onclick="javascript:Tapestry.waitForPage(event);" title="Ajouter à ma liste" class="bt-produit-ajout-liste" href="http://www.refonte.auchandirect.fr/rayon.productgridorlist.productlist_1.thumbnailproduct_0.addproducttoshoppinglist/72810?t:ac=484">Ajouter à ma liste</a></div><div class="infos-produit-1"><div class="prix-actuel"><span>3.87€</span></div></div><div class="infos-produit-2"><a title="Voir le produit" href="http://www.refonte.auchandirect.fr/petit-déjeuner-epicerie-sucrée/petit-déjeuner/café-en-grains/id1/484/72810"><h2>LAVAZZA</h2><h4>Café en grains</h4><h4>Il Perfetto</h4><p>
250 g
<br/>
15.48€/kg
</p></a></div><div class="mini_picto_bas"></div></div></div></td><td><!-- PL : ici --><div class="bloc-produit "><div class="bloc-produit-content"><a title="Voir le produit" href="http://www.refonte.auchandirect.fr/petit-déjeuner-epicerie-sucrée/petit-déjeuner/dosettes-de-café-expresso-x-36/id1/484/56491"><img src="http://www.refonte.auchandirect.fr/static/images/products/line/56491.jpg" alt="" class="produit "/></a><div class="picto"><span class="invisible"></span></div><div class="boutons-produit"><a id="addProductToBasket_268" onclick="javascript:Tapestry.waitForPage(event);" title="Ajouter au panier" class="bt-produit-ajout-panier" href="http://www.refonte.auchandirect.fr/rayon.productgridorlist.productlist_1.thumbnailproduct_0.addproducttobasket/56491?t:ac=484">Ajouter au panier</a><a id="addProductToShoppingList_406" onclick="javascript:Tapestry.waitForPage(event);" title="Ajouter à ma liste" class="bt-produit-ajout-liste" href="http://www.refonte.auchandirect.fr/rayon.productgridorlist.productlist_1.thumbnailproduct_0.addproducttoshoppinglist/56491?t:ac=484">Ajouter à ma liste</a></div><div class="infos-produit-1"><div class="prix-actuel"><span>3.91€</span></div></div><div class="infos-produit-2"><a title="Voir le produit" href="http://www.refonte.auchandirect.fr/petit-déjeuner-epicerie-sucrée/petit-déjeuner/dosettes-de-café-expresso-x-36/id1/484/56491"><h2>LAVAZZA</h2><h4>Dosettes de café expresso x 36</h4><h4>Allegro</h4><p>
260 g
<br/>
15.04€/kg
</p></a></div><div class="mini_picto_bas"><img src="http://www.refonte.auchandirect.fr/static/images/DLC-garantie-30j_small.jpg"/></div></div></div></td></tr><tr><td><!-- PL : ici --><div class="bloc-produit "><div class="bloc-produit-content"><a title="Voir le produit" href="http://www.refonte.auchandirect.fr/petit-déjeuner-epicerie-sucrée/petit-déjeuner/café-moulu-torréfié-à-l'italienne/id1/484/7782"><img src="http://www.refonte.auchandirect.fr/static/images/products/line/7782.jpg" alt="" class="produit "/></a><div class="picto"><span class="invisible"></span></div><div class="boutons-produit"><a id="addProductToBasket_269" onclick="javascript:Tapestry.waitForPage(event);" title="Ajouter au panier" class="bt-produit-ajout-panier" href="http://www.refonte.auchandirect.fr/rayon.productgridorlist.productlist_1.thumbnailproduct_0.addproducttobasket/7782?t:ac=484">Ajouter au panier</a><a id="addProductToShoppingList_407" onclick="javascript:Tapestry.waitForPage(event);" title="Ajouter à ma liste" class="bt-produit-ajout-liste" href="http://www.refonte.auchandirect.fr/rayon.productgridorlist.productlist_1.thumbnailproduct_0.addproducttoshoppinglist/7782?t:ac=484">Ajouter à ma liste</a></div><div class="infos-produit-1"><div class="prix-actuel"><span>2.04€</span></div></div><div class="infos-produit-2"><a title="Voir le produit" href="http://www.refonte.auchandirect.fr/petit-déjeuner-epicerie-sucrée/petit-déjeuner/café-moulu-torréfié-à-l'italienne/id1/484/7782"><h2>LAVAZZA</h2><h4>Café moulu torréfié à l'italienne</h4><h4>Il Mattino</h4><p>
250 g
<br/>
8.16€/kg
</p></a></div><div class="mini_picto_bas"><img src="http://www.refonte.auchandirect.fr/static/images/DLC-garantie-30j_small.jpg"/></div></div></div></td><td><!-- PL : ici --><div class="bloc-produit  bientot-dispo"><div class="bloc-produit-content"><a title="Voir le produit" href="http://www.refonte.auchandirect.fr/petit-déjeuner-epicerie-sucrée/petit-déjeuner/café-moulu-italien/id1/484/37584"><img src="http://www.refonte.auchandirect.fr/static/images/products/line/37584.jpg" alt="" class="produit "/></a><div class="picto"><span class="invisible"></span></div><div class="boutons-produit"><a class="bt-produit-ajout-panier disable" title="Bientôt disponible" href="javascript:void(0)">Bientôt disponible</a><a id="addProductToShoppingList_408" onclick="javascript:Tapestry.waitForPage(event);" title="Ajouter à ma liste" class="bt-produit-ajout-liste" href="http://www.refonte.auchandirect.fr/rayon.productgridorlist.productlist_1.thumbnailproduct_0.addproducttoshoppinglist/37584?t:ac=484">Ajouter à ma liste</a></div><div class="infos-produit-1"><div class="prix-actuel"><span>3.46€</span></div></div><div class="infos-produit-2"><a title="Voir le produit" href="http://www.refonte.auchandirect.fr/petit-déjeuner-epicerie-sucrée/petit-déjeuner/café-moulu-italien/id1/484/37584"><h2>LAVAZZA</h2><h4>Café moulu italien</h4><h4>Espresso Italiano</h4><p>
250 g
<br/>
13.84€/kg
</p></a></div><div class="mini_picto_bas"><img src="http://www.refonte.auchandirect.fr/static/images/DLC-garantie-30j_small.jpg"/></div></div></div></td><td><!-- PL : ici --><div class="bloc-produit promotion"><div class="bloc-produit-content"><a title="Voir le produit" href="../caf%25C3%25A9-moulu-pur-arabica/id1/484/101006.html"><img src="http://www.refonte.auchandirect.fr/static/images/products/line/101006.jpg" alt="" class="produit "/></a><div class="picto"><span class="invisible"></span></div><img src="http://www.refonte.auchandirect.fr/static/images/promo_small.png" class="ruban"/><div class="boutons-produit"><a id="addProductToBasket_270" onclick="javascript:Tapestry.waitForPage(event);" title="Ajouter au panier" class="bt-produit-ajout-panier" href="http://www.refonte.auchandirect.fr/rayon.productgridorlist.productlist_1.thumbnailproduct_0.addproducttobasket/101006?t:ac=484">Ajouter au panier</a><a id="addProductToShoppingList_409" onclick="javascript:Tapestry.waitForPage(event);" title="Ajouter à ma liste" class="bt-produit-ajout-liste" href="http://www.refonte.auchandirect.fr/rayon.productgridorlist.productlist_1.thumbnailproduct_0.addproducttoshoppinglist/101006?t:ac=484">Ajouter à ma liste</a></div><div class="infos-produit-1"><div class="prix-actuel"><span>7.00€</span></div></div><div class="infos-produit-2"><a title="Voir le produit" href="../caf%25C3%25A9-moulu-pur-arabica/id1/484/101006.html"><h2>LAVAZZA</h2><h4>Café moulu pur arabica</h4><h4>Expresso Italiano</h4><p>
2 x 250 g
<br/>
14.00€/kg
</p></a></div><div class="mini_picto_bas"><img src="http://www.refonte.auchandirect.fr/static/images/DLC-garantie-30j_small.jpg"/></div></div></div></td></tr><tr><td><!-- PL : ici --><div class="bloc-produit "><div class="bloc-produit-content"><a title="Voir le produit" href="http://www.refonte.auchandirect.fr/petit-déjeuner-epicerie-sucrée/petit-déjeuner/chicorée-soluble/id1/484/100960"><img src="http://www.refonte.auchandirect.fr/static/images/products/line/100960.jpg" alt="" class="produit "/></a><div class="picto"><span class="invisible"></span></div><div class="boutons-produit"><a id="addProductToBasket_271" onclick="javascript:Tapestry.waitForPage(event);" title="Ajouter au panier" class="bt-produit-ajout-panier" href="http://www.refonte.auchandirect.fr/rayon.productgridorlist.productlist_1.thumbnailproduct_0.addproducttobasket/100960?t:ac=484">Ajouter au panier</a><a id="addProductToShoppingList_410" onclick="javascript:Tapestry.waitForPage(event);" title="Ajouter à ma liste" class="bt-produit-ajout-liste" href="http://www.refonte.auchandirect.fr/rayon.productgridorlist.productlist_1.thumbnailproduct_0.addproducttoshoppinglist/100960?t:ac=484">Ajouter à ma liste</a></div><div class="infos-produit-1"><div class="prix-actuel"><span>2.72€</span></div></div><div class="infos-produit-2"><a title="Voir le produit" href="http://www.refonte.auchandirect.fr/petit-déjeuner-epicerie-sucrée/petit-déjeuner/chicorée-soluble/id1/484/100960"><h2>LEROUX</h2><h4>Chicorée soluble</h4><h4></h4><p>
200 g
<br/>
13.60€/kg
</p></a></div><div class="mini_picto_bas"><img src="http://www.refonte.auchandirect.fr/static/images/DLC-garantie-30j_small.jpg"/></div></div></div></td><td><!-- PL : ici --><div class="bloc-produit "><div class="bloc-produit-content"><a title="Voir le produit" href="http://www.refonte.auchandirect.fr/petit-déjeuner-epicerie-sucrée/petit-déjeuner/chicorée-grains/id1/484/70021"><img src="http://www.refonte.auchandirect.fr/static/images/products/line/70021.jpg" alt="" class="produit "/></a><div class="picto"><span class="invisible"></span></div><div class="boutons-produit"><a id="addProductToBasket_272" onclick="javascript:Tapestry.waitForPage(event);" title="Ajouter au panier" class="bt-produit-ajout-panier" href="http://www.refonte.auchandirect.fr/rayon.productgridorlist.productlist_1.thumbnailproduct_0.addproducttobasket/70021?t:ac=484">Ajouter au panier</a><a id="addProductToShoppingList_411" onclick="javascript:Tapestry.waitForPage(event);" title="Ajouter à ma liste" class="bt-produit-ajout-liste" href="http://www.refonte.auchandirect.fr/rayon.productgridorlist.productlist_1.thumbnailproduct_0.addproducttoshoppinglist/70021?t:ac=484">Ajouter à ma liste</a></div><div class="infos-produit-1"><div class="prix-actuel"><span>1.39€</span></div></div><div class="infos-produit-2"><a title="Voir le produit" href="http://www.refonte.auchandirect.fr/petit-déjeuner-epicerie-sucrée/petit-déjeuner/chicorée-grains/id1/484/70021"><h2>LEROUX</h2><h4>Chicorée grains</h4><h4></h4><p>
500 ga
<br/>
2.78€/kg
</p></a></div><div class="mini_picto_bas"></div></div></div></td><td><!-- PL : ici --><div class="bloc-produit "><div class="bloc-produit-content"><a title="Voir le produit" href="http://www.refonte.auchandirect.fr/petit-déjeuner-epicerie-sucrée/petit-déjeuner/infusion-fruits/id1/484/53865"><img src="http://www.refonte.auchandirect.fr/static/images/products/line/53865.jpg" alt="" class="produit "/></a><div class="picto"><span class="invisible"></span></div><div class="boutons-produit"><a id="addProductToBasket_273" onclick="javascript:Tapestry.waitForPage(event);" title="Ajouter au panier" class="bt-produit-ajout-panier" href="http://www.refonte.auchandirect.fr/rayon.productgridorlist.productlist_1.thumbnailproduct_0.addproducttobasket/53865?t:ac=484">Ajouter au panier</a><a id="addProductToShoppingList_412" onclick="javascript:Tapestry.waitForPage(event);" title="Ajouter à ma liste" class="bt-produit-ajout-liste" href="http://www.refonte.auchandirect.fr/rayon.productgridorlist.productlist_1.thumbnailproduct_0.addproducttoshoppinglist/53865?t:ac=484">Ajouter à ma liste</a></div><div class="infos-produit-1"><div class="prix-actuel"><span>2.16€</span></div></div><div class="infos-produit-2"><a title="Voir le produit" href="http://www.refonte.auchandirect.fr/petit-déjeuner-epicerie-sucrée/petit-déjeuner/infusion-fruits/id1/484/53865"><h2>LIPTON</h2><h4>Infusion fruits</h4><h4>Fraise framboise</h4><p>
40 g
<br/>
54.00€/kg
</p></a></div><div class="mini_picto_bas"><img src="http://www.refonte.auchandirect.fr/static/images/DLC-garantie-30j_small.jpg"/></div></div></div></td></tr><tr><td><!-- PL : ici --><div class="bloc-produit "><div class="bloc-produit-content"><a title="Voir le produit" href="http://www.refonte.auchandirect.fr/petit-déjeuner-epicerie-sucrée/petit-déjeuner/thé-déthéiné/id1/484/59268"><img src="http://www.refonte.auchandirect.fr/static/images/products/line/59268.jpg" alt="" class="produit "/></a><div class="picto"><span class="invisible"></span></div><div class="boutons-produit"><a id="addProductToBasket_274" onclick="javascript:Tapestry.waitForPage(event);" title="Ajouter au panier" class="bt-produit-ajout-panier" href="http://www.refonte.auchandirect.fr/rayon.productgridorlist.productlist_1.thumbnailproduct_0.addproducttobasket/59268?t:ac=484">Ajouter au panier</a><a id="addProductToShoppingList_413" onclick="javascript:Tapestry.waitForPage(event);" title="Ajouter à ma liste" class="bt-produit-ajout-liste" href="http://www.refonte.auchandirect.fr/rayon.productgridorlist.productlist_1.thumbnailproduct_0.addproducttoshoppinglist/59268?t:ac=484">Ajouter à ma liste</a></div><div class="infos-produit-1"><div class="prix-actuel"><span>2.69€</span></div></div><div class="infos-produit-2"><a title="Voir le produit" href="http://www.refonte.auchandirect.fr/petit-déjeuner-epicerie-sucrée/petit-déjeuner/thé-déthéiné/id1/484/59268"><h2>LIPTON</h2><h4>Thé déthéiné</h4><h4>Thé du soir</h4><p>
55 g
<br/>
48.91€/kg
</p></a></div><div class="mini_picto_bas"><img src="http://www.refonte.auchandirect.fr/static/images/DLC-garantie-30j_small.jpg"/></div></div></div></td><td><!-- PL : ici --><div class="bloc-produit  bientot-dispo"><div class="bloc-produit-content"><a title="Voir le produit" href="http://www.refonte.auchandirect.fr/petit-déjeuner-epicerie-sucrée/petit-déjeuner/infusion-rose-litchi/id1/484/59266"><img src="http://www.refonte.auchandirect.fr/static/images/products/line/59266.jpg" alt="" class="produit "/></a><div class="picto"><span class="invisible"></span></div><div class="boutons-produit"><a class="bt-produit-ajout-panier disable" title="Bientôt disponible" href="javascript:void(0)">Bientôt disponible</a><a id="addProductToShoppingList_414" onclick="javascript:Tapestry.waitForPage(event);" title="Ajouter à ma liste" class="bt-produit-ajout-liste" href="http://www.refonte.auchandirect.fr/rayon.productgridorlist.productlist_1.thumbnailproduct_0.addproducttoshoppinglist/59266?t:ac=484">Ajouter à ma liste</a></div><div class="infos-produit-1"><div class="prix-actuel"><span>2.05€</span></div></div><div class="infos-produit-2"><a title="Voir le produit" href="http://www.refonte.auchandirect.fr/petit-déjeuner-epicerie-sucrée/petit-déjeuner/infusion-rose-litchi/id1/484/59266"><h2>LIPTON</h2><h4>Infusion rose litchi</h4><h4>Délicatesse</h4><p>
40 g
<br/>
51.25€/kg
</p></a></div><div class="mini_picto_bas"><img src="http://www.refonte.auchandirect.fr/static/images/DLC-garantie-30j_small.jpg"/></div></div></div></td><td><!-- PL : ici --><div class="bloc-produit "><div class="bloc-produit-content"><a title="Voir le produit" href="http://www.refonte.auchandirect.fr/petit-déjeuner-epicerie-sucrée/petit-déjeuner/infusion-réglisse-menthe/id1/484/100547"><img src="http://www.refonte.auchandirect.fr/static/images/products/line/100547.jpg" alt="" class="produit "/></a><div class="picto"><span class="invisible"></span></div><div class="boutons-produit"><a id="addProductToBasket_275" onclick="javascript:Tapestry.waitForPage(event);" title="Ajouter au panier" class="bt-produit-ajout-panier" href="http://www.refonte.auchandirect.fr/rayon.productgridorlist.productlist_1.thumbnailproduct_0.addproducttobasket/100547?t:ac=484">Ajouter au panier</a><a id="addProductToShoppingList_415" onclick="javascript:Tapestry.waitForPage(event);" title="Ajouter à ma liste" class="bt-produit-ajout-liste" href="http://www.refonte.auchandirect.fr/rayon.productgridorlist.productlist_1.thumbnailproduct_0.addproducttoshoppinglist/100547?t:ac=484">Ajouter à ma liste</a></div><div class="infos-produit-1"><div class="prix-actuel"><span>1.69€</span></div></div><div class="infos-produit-2"><a title="Voir le produit" href="http://www.refonte.auchandirect.fr/petit-déjeuner-epicerie-sucrée/petit-déjeuner/infusion-réglisse-menthe/id1/484/100547"><h2>LIPTON</h2><h4>Infusion  réglisse menthe</h4><h4>Saveurs du soir</h4><p>
41 g
<br/>
41.22€/kg
</p></a></div><div class="mini_picto_bas"><img src="http://www.refonte.auchandirect.fr/static/images/DLC-garantie-30j_small.jpg"/></div></div></div></td></tr><tr><td><!-- PL : ici --><div class="bloc-produit "><div class="bloc-produit-content"><a title="Voir le produit" href="http://www.refonte.auchandirect.fr/petit-déjeuner-epicerie-sucrée/petit-déjeuner/infusion-digestion-légère/id1/484/21920"><img src="http://www.refonte.auchandirect.fr/static/images/products/line/21920.jpg" alt="" class="produit "/></a><div class="picto"><span class="invisible"></span></div><div class="boutons-produit"><a id="addProductToBasket_276" onclick="javascript:Tapestry.waitForPage(event);" title="Ajouter au panier" class="bt-produit-ajout-panier" href="http://www.refonte.auchandirect.fr/rayon.productgridorlist.productlist_1.thumbnailproduct_0.addproducttobasket/21920?t:ac=484">Ajouter au panier</a><a id="addProductToShoppingList_416" onclick="javascript:Tapestry.waitForPage(event);" title="Ajouter à ma liste" class="bt-produit-ajout-liste" href="http://www.refonte.auchandirect.fr/rayon.productgridorlist.productlist_1.thumbnailproduct_0.addproducttoshoppinglist/21920?t:ac=484">Ajouter à ma liste</a></div><div class="infos-produit-1"><div class="prix-actuel"><span>1.98€</span></div></div><div class="infos-produit-2"><a title="Voir le produit" href="http://www.refonte.auchandirect.fr/petit-déjeuner-epicerie-sucrée/petit-déjeuner/infusion-digestion-légère/id1/484/21920"><h2>LIPTON</h2><h4>Infusion digestion légère</h4><h4>Verveine réglisse</h4><p>
40 g
<br/>
49.50€/kg
</p></a></div><div class="mini_picto_bas"><img src="http://www.refonte.auchandirect.fr/static/images/DLC-garantie-30j_small.jpg"/></div></div></div></td><td><!-- PL : ici --><div class="bloc-produit "><div class="bloc-produit-content"><a title="Voir le produit" href="http://www.refonte.auchandirect.fr/petit-déjeuner-epicerie-sucrée/petit-déjeuner/infusion-aromatisée-menthe-et-épice/id1/484/23121"><img src="http://www.refonte.auchandirect.fr/static/images/products/line/23121.jpg" alt="" class="produit "/></a><div class="picto"><span class="invisible"></span></div><div class="boutons-produit"><a id="addProductToBasket_277" onclick="javascript:Tapestry.waitForPage(event);" title="Ajouter au panier" class="bt-produit-ajout-panier" href="http://www.refonte.auchandirect.fr/rayon.productgridorlist.productlist_1.thumbnailproduct_0.addproducttobasket/23121?t:ac=484">Ajouter au panier</a><a id="addProductToShoppingList_417" onclick="javascript:Tapestry.waitForPage(event);" title="Ajouter à ma liste" class="bt-produit-ajout-liste" href="http://www.refonte.auchandirect.fr/rayon.productgridorlist.productlist_1.thumbnailproduct_0.addproducttoshoppinglist/23121?t:ac=484">Ajouter à ma liste</a></div><div class="infos-produit-1"><div class="prix-actuel"><span>2.14€</span></div></div><div class="infos-produit-2"><a title="Voir le produit" href="http://www.refonte.auchandirect.fr/petit-déjeuner-epicerie-sucrée/petit-déjeuner/infusion-aromatisée-menthe-et-épice/id1/484/23121"><h2>LIPTON</h2><h4>Infusion aromatisée menthe et épice</h4><h4>Maroc</h4><p>
40 g
<br/>
53.50€/kg
</p></a></div><div class="mini_picto_bas"><img src="http://www.refonte.auchandirect.fr/static/images/DLC-garantie-30j_small.jpg"/></div></div></div></td><td><!-- PL : ici --><div class="bloc-produit "><div class="bloc-produit-content"><a title="Voir le produit" href="http://www.refonte.auchandirect.fr/petit-déjeuner-epicerie-sucrée/petit-déjeuner/infusions-parfumées-au-tilleul-et-au-citron/id1/484/35677"><img src="http://www.refonte.auchandirect.fr/static/images/products/line/35677.jpg" alt="" class="produit "/></a><div class="picto"><span class="invisible"></span></div><div class="boutons-produit"><a id="addProductToBasket_278" onclick="javascript:Tapestry.waitForPage(event);" title="Ajouter au panier" class="bt-produit-ajout-panier" href="http://www.refonte.auchandirect.fr/rayon.productgridorlist.productlist_1.thumbnailproduct_0.addproducttobasket/35677?t:ac=484">Ajouter au panier</a><a id="addProductToShoppingList_418" onclick="javascript:Tapestry.waitForPage(event);" title="Ajouter à ma liste" class="bt-produit-ajout-liste" href="http://www.refonte.auchandirect.fr/rayon.productgridorlist.productlist_1.thumbnailproduct_0.addproducttoshoppinglist/35677?t:ac=484">Ajouter à ma liste</a></div><div class="infos-produit-1"><div class="prix-actuel"><span>1.93€</span></div></div><div class="infos-produit-2"><a title="Voir le produit" href="http://www.refonte.auchandirect.fr/petit-déjeuner-epicerie-sucrée/petit-déjeuner/infusions-parfumées-au-tilleul-et-au-citron/id1/484/35677"><h2>LIPTON</h2><h4>Infusions parfumées au tilleul et au citron</h4><h4>Délices fruités</h4><p>
40 g
<br/>
48.25€/kg
</p></a></div><div class="mini_picto_bas"><img src="http://www.refonte.auchandirect.fr/static/images/DLC-garantie-30j_small.jpg"/></div></div></div></td></tr><tr><td><!-- PL : ici --><div class="bloc-produit "><div class="bloc-produit-content"><a title="Voir le produit" href="http://www.refonte.auchandirect.fr/petit-déjeuner-epicerie-sucrée/petit-déjeuner/thé-aromatisé-orange/id1/484/37599"><img src="http://www.refonte.auchandirect.fr/static/images/products/line/37599.jpg" alt="" class="produit "/></a><div class="picto"><span class="invisible"></span></div><div class="boutons-produit"><a id="addProductToBasket_279" onclick="javascript:Tapestry.waitForPage(event);" title="Ajouter au panier" class="bt-produit-ajout-panier" href="http://www.refonte.auchandirect.fr/rayon.productgridorlist.productlist_1.thumbnailproduct_0.addproducttobasket/37599?t:ac=484">Ajouter au panier</a><a id="addProductToShoppingList_419" onclick="javascript:Tapestry.waitForPage(event);" title="Ajouter à ma liste" class="bt-produit-ajout-liste" href="http://www.refonte.auchandirect.fr/rayon.productgridorlist.productlist_1.thumbnailproduct_0.addproducttoshoppinglist/37599?t:ac=484">Ajouter à ma liste</a></div><div class="infos-produit-1"><div class="prix-actuel"><span>2.63€</span></div></div><div class="infos-produit-2"><a title="Voir le produit" href="http://www.refonte.auchandirect.fr/petit-déjeuner-epicerie-sucrée/petit-déjeuner/thé-aromatisé-orange/id1/484/37599"><h2>LIPTON</h2><h4>Thé aromatisé orange</h4><h4>Orange Jaïpur</h4><p>
40 g
<br/>
65.75€/kg
</p></a></div><div class="mini_picto_bas"><img src="http://www.refonte.auchandirect.fr/static/images/DLC-garantie-30j_small.jpg"/></div></div></div></td><td><!-- PL : ici --><div class="bloc-produit "><div class="bloc-produit-content"><a title="Voir le produit" href="http://www.refonte.auchandirect.fr/petit-déjeuner-epicerie-sucrée/petit-déjeuner/thé-yellow/id1/484/37675"><img src="http://www.refonte.auchandirect.fr/static/images/products/line/37675.jpg" alt="" class="produit "/></a><div class="picto"><span class="invisible"></span></div><div class="boutons-produit"><a id="addProductToBasket_280" onclick="javascript:Tapestry.waitForPage(event);" title="Ajouter au panier" class="bt-produit-ajout-panier" href="http://www.refonte.auchandirect.fr/rayon.productgridorlist.productlist_1.thumbnailproduct_0.addproducttobasket/37675?t:ac=484">Ajouter au panier</a><a id="addProductToShoppingList_420" onclick="javascript:Tapestry.waitForPage(event);" title="Ajouter à ma liste" class="bt-produit-ajout-liste" href="http://www.refonte.auchandirect.fr/rayon.productgridorlist.productlist_1.thumbnailproduct_0.addproducttoshoppinglist/37675?t:ac=484">Ajouter à ma liste</a></div><div class="infos-produit-1"><div class="prix-actuel"><span>2.20€</span></div></div><div class="infos-produit-2"><a title="Voir le produit" href="http://www.refonte.auchandirect.fr/petit-déjeuner-epicerie-sucrée/petit-déjeuner/thé-yellow/id1/484/37675"><h2>LIPTON</h2><h4>Thé yellow</h4><h4></h4><p>
100 g
<br/>
22.00€/kg
</p></a></div><div class="mini_picto_bas"><img src="http://www.refonte.auchandirect.fr/static/images/DLC-garantie-30j_small.jpg"/></div></div></div></td><td><!-- PL : ici --><div class="bloc-produit "><div class="bloc-produit-content"><a title="Voir le produit" href="http://www.refonte.auchandirect.fr/petit-déjeuner-epicerie-sucrée/petit-déjeuner/thé-marrakech-menthe/id1/484/46403"><img src="http://www.refonte.auchandirect.fr/static/images/products/line/46403.jpg" alt="" class="produit "/></a><div class="picto"><span class="invisible"></span></div><div class="boutons-produit"><a id="addProductToBasket_281" onclick="javascript:Tapestry.waitForPage(event);" title="Ajouter au panier" class="bt-produit-ajout-panier" href="http://www.refonte.auchandirect.fr/rayon.productgridorlist.productlist_1.thumbnailproduct_0.addproducttobasket/46403?t:ac=484">Ajouter au panier</a><a id="addProductToShoppingList_421" onclick="javascript:Tapestry.waitForPage(event);" title="Ajouter à ma liste" class="bt-produit-ajout-liste" href="http://www.refonte.auchandirect.fr/rayon.productgridorlist.productlist_1.thumbnailproduct_0.addproducttoshoppinglist/46403?t:ac=484">Ajouter à ma liste</a></div><div class="infos-produit-1"><div class="prix-actuel"><span>2.41€</span></div></div><div class="infos-produit-2"><a title="Voir le produit" href="http://www.refonte.auchandirect.fr/petit-déjeuner-epicerie-sucrée/petit-déjeuner/thé-marrakech-menthe/id1/484/46403"><h2>LIPTON</h2><h4>Thé marrakech menthe</h4><h4>Marrakech mint tea</h4><p>
40 g
<br/>
60.25€/kg
</p></a></div><div class="mini_picto_bas"><img src="http://www.refonte.auchandirect.fr/static/images/DLC-garantie-30j_small.jpg"/></div></div></div></td></tr><tr><td><!-- PL : ici --><div class="bloc-produit  bientot-dispo"><div class="bloc-produit-content"><a title="Voir le produit" href="http://www.refonte.auchandirect.fr/petit-déjeuner-epicerie-sucrée/petit-déjeuner/thé-aromatisé-bergamote-et-agrumes/id1/484/24695"><img src="http://www.refonte.auchandirect.fr/static/images/products/line/24695.jpg" alt="" class="produit "/></a><div class="picto"><span class="invisible"></span></div><div class="boutons-produit"><a class="bt-produit-ajout-panier disable" title="Bientôt disponible" href="javascript:void(0)">Bientôt disponible</a><a id="addProductToShoppingList_422" onclick="javascript:Tapestry.waitForPage(event);" title="Ajouter à ma liste" class="bt-produit-ajout-liste" href="http://www.refonte.auchandirect.fr/rayon.productgridorlist.productlist_1.thumbnailproduct_0.addproducttoshoppinglist/24695?t:ac=484">Ajouter à ma liste</a></div><div class="infos-produit-1"><div class="prix-actuel"><span>2.52€</span></div></div><div class="infos-produit-2"><a title="Voir le produit" href="http://www.refonte.auchandirect.fr/petit-déjeuner-epicerie-sucrée/petit-déjeuner/thé-aromatisé-bergamote-et-agrumes/id1/484/24695"><h2>LIPTON</h2><h4>Thé aromatisé bergamote et agrumes</h4><h4>Russian Earl Grey</h4><p>
40 g
<br/>
63.00€/kg
</p></a></div><div class="mini_picto_bas"><img src="http://www.refonte.auchandirect.fr/static/images/DLC-garantie-30j_small.jpg"/></div></div></div></td><td><!-- PL : ici --><div class="bloc-produit "><div class="bloc-produit-content"><a title="Voir le produit" href="http://www.refonte.auchandirect.fr/petit-déjeuner-epicerie-sucrée/petit-déjeuner/thé-noir-nature/id1/484/100965"><img src="http://www.refonte.auchandirect.fr/static/images/products/line/100965.jpg" alt="" class="produit "/></a><div class="picto"><span class="invisible"></span></div><div class="boutons-produit"><a id="addProductToBasket_282" onclick="javascript:Tapestry.waitForPage(event);" title="Ajouter au panier" class="bt-produit-ajout-panier" href="http://www.refonte.auchandirect.fr/rayon.productgridorlist.productlist_1.thumbnailproduct_0.addproducttobasket/100965?t:ac=484">Ajouter au panier</a><a id="addProductToShoppingList_423" onclick="javascript:Tapestry.waitForPage(event);" title="Ajouter à ma liste" class="bt-produit-ajout-liste" href="http://www.refonte.auchandirect.fr/rayon.productgridorlist.productlist_1.thumbnailproduct_0.addproducttoshoppinglist/100965?t:ac=484">Ajouter à ma liste</a></div><div class="infos-produit-1"><div class="prix-actuel"><span>4.55€</span></div></div><div class="infos-produit-2"><a title="Voir le produit" href="http://www.refonte.auchandirect.fr/petit-déjeuner-epicerie-sucrée/petit-déjeuner/thé-noir-nature/id1/484/100965"><h2>LIPTON</h2><h4>Thé noir nature</h4><h4>Yellow</h4><p>
200 g
<br/>
22.75€/kg
</p></a></div><div class="mini_picto_bas"><img src="http://www.refonte.auchandirect.fr/static/images/DLC-garantie-30j_small.jpg"/></div></div></div></td><td><!-- PL : ici --><div class="bloc-produit "><div class="bloc-produit-content"><a title="Voir le produit" href="http://www.refonte.auchandirect.fr/petit-déjeuner-epicerie-sucrée/petit-déjeuner/thé-aromatisé-bergamote-et-agrumes/id1/484/17136"><img src="http://www.refonte.auchandirect.fr/static/images/products/line/17136.jpg" alt="" class="produit "/></a><div class="picto"><span class="invisible"></span></div><div class="boutons-produit"><a id="addProductToBasket_283" onclick="javascript:Tapestry.waitForPage(event);" title="Ajouter au panier" class="bt-produit-ajout-panier" href="http://www.refonte.auchandirect.fr/rayon.productgridorlist.productlist_1.thumbnailproduct_0.addproducttobasket/17136?t:ac=484">Ajouter au panier</a><a id="addProductToShoppingList_424" onclick="javascript:Tapestry.waitForPage(event);" title="Ajouter à ma liste" class="bt-produit-ajout-liste" href="http://www.refonte.auchandirect.fr/rayon.productgridorlist.productlist_1.thumbnailproduct_0.addproducttoshoppinglist/17136?t:ac=484">Ajouter à ma liste</a></div><div class="infos-produit-1"><div class="prix-actuel"><span>5.59€</span></div></div><div class="infos-produit-2"><a title="Voir le produit" href="http://www.refonte.auchandirect.fr/petit-déjeuner-epicerie-sucrée/petit-déjeuner/thé-aromatisé-bergamote-et-agrumes/id1/484/17136"><h2>LIPTON</h2><h4>Thé aromatisé bergamote et agrumes</h4><h4>Russian Earl Grey</h4><p>
200 g
<br/>
27.95€/kg
</p></a></div><div class="mini_picto_bas"><img src="http://www.refonte.auchandirect.fr/static/images/DLC-garantie-30j_small.jpg"/></div></div></div></td></tr><tr><td><!-- PL : ici --><div class="bloc-produit "><div class="bloc-produit-content"><a title="Voir le produit" href="http://www.refonte.auchandirect.fr/petit-déjeuner-epicerie-sucrée/petit-déjeuner/thé-or-noir/id1/484/14117"><img src="http://www.refonte.auchandirect.fr/static/images/products/line/14117.jpg" alt="" class="produit "/></a><div class="picto"><span class="invisible"></span></div><div class="boutons-produit"><a id="addProductToBasket_284" onclick="javascript:Tapestry.waitForPage(event);" title="Ajouter au panier" class="bt-produit-ajout-panier" href="http://www.refonte.auchandirect.fr/rayon.productgridorlist.productlist_1.thumbnailproduct_0.addproducttobasket/14117?t:ac=484">Ajouter au panier</a><a id="addProductToShoppingList_425" onclick="javascript:Tapestry.waitForPage(event);" title="Ajouter à ma liste" class="bt-produit-ajout-liste" href="http://www.refonte.auchandirect.fr/rayon.productgridorlist.productlist_1.thumbnailproduct_0.addproducttoshoppinglist/14117?t:ac=484">Ajouter à ma liste</a></div><div class="infos-produit-1"><div class="prix-actuel"><span>2.52€</span></div></div><div class="infos-produit-2"><a title="Voir le produit" href="http://www.refonte.auchandirect.fr/petit-déjeuner-epicerie-sucrée/petit-déjeuner/thé-or-noir/id1/484/14117"><h2>LIPTON</h2><h4>Thé or noir</h4><h4>Jardins d'Asie</h4><p>
36 g
<br/>
70.00€/kg
</p></a></div><div class="mini_picto_bas"></div></div></div></td><td><!-- PL : ici --><div class="bloc-produit "><div class="bloc-produit-content"><a title="Voir le produit" href="http://www.refonte.auchandirect.fr/petit-déjeuner-epicerie-sucrée/petit-déjeuner/thé-aromatisé/id1/484/14116"><img src="http://www.refonte.auchandirect.fr/static/images/products/line/14116.jpg" alt="" class="produit "/></a><div class="picto"><span class="invisible"></span></div><div class="boutons-produit"><a id="addProductToBasket_285" onclick="javascript:Tapestry.waitForPage(event);" title="Ajouter au panier" class="bt-produit-ajout-panier" href="http://www.refonte.auchandirect.fr/rayon.productgridorlist.productlist_1.thumbnailproduct_0.addproducttobasket/14116?t:ac=484">Ajouter au panier</a><a id="addProductToShoppingList_426" onclick="javascript:Tapestry.waitForPage(event);" title="Ajouter à ma liste" class="bt-produit-ajout-liste" href="http://www.refonte.auchandirect.fr/rayon.productgridorlist.productlist_1.thumbnailproduct_0.addproducttoshoppinglist/14116?t:ac=484">Ajouter à ma liste</a></div><div class="infos-produit-1"><div class="prix-actuel"><span>2.35€</span></div></div><div class="infos-produit-2"><a title="Voir le produit" href="http://www.refonte.auchandirect.fr/petit-déjeuner-epicerie-sucrée/petit-déjeuner/thé-aromatisé/id1/484/14116"><h2>LIPTON</h2><h4>Thé aromatisé</h4><h4>Agrumes</h4><p>
36 g
<br/>
65.28€/kg
</p></a></div><div class="mini_picto_bas"><img src="http://www.refonte.auchandirect.fr/static/images/DLC-garantie-30j_small.jpg"/></div></div></div></td><td><!-- PL : ici --><div class="bloc-produit "><div class="bloc-produit-content"><a title="Voir le produit" href="http://www.refonte.auchandirect.fr/petit-déjeuner-epicerie-sucrée/petit-déjeuner/thé-aromatisé/id1/484/9323"><img src="http://www.refonte.auchandirect.fr/static/images/products/line/9323.jpg" alt="" class="produit "/></a><div class="picto"><span class="invisible"></span></div><div class="boutons-produit"><a id="addProductToBasket_286" onclick="javascript:Tapestry.waitForPage(event);" title="Ajouter au panier" class="bt-produit-ajout-panier" href="http://www.refonte.auchandirect.fr/rayon.productgridorlist.productlist_1.thumbnailproduct_0.addproducttobasket/9323?t:ac=484">Ajouter au panier</a><a id="addProductToShoppingList_427" onclick="javascript:Tapestry.waitForPage(event);" title="Ajouter à ma liste" class="bt-produit-ajout-liste" href="http://www.refonte.auchandirect.fr/rayon.productgridorlist.productlist_1.thumbnailproduct_0.addproducttoshoppinglist/9323?t:ac=484">Ajouter à ma liste</a></div><div class="infos-produit-1"><div class="prix-actuel"><span>1.98€</span></div></div><div class="infos-produit-2"><a title="Voir le produit" href="http://www.refonte.auchandirect.fr/petit-déjeuner-epicerie-sucrée/petit-déjeuner/thé-aromatisé/id1/484/9323"><h2>LIPTON</h2><h4>Thé aromatisé</h4><h4>Caramel</h4><p>
40 g
<br/>
49.50€/kg
</p></a></div><div class="mini_picto_bas"><img src="http://www.refonte.auchandirect.fr/static/images/DLC-garantie-30j_small.jpg"/></div></div></div></td></tr><tr><td><!-- PL : ici --><div class="bloc-produit "><div class="bloc-produit-content"><a title="Voir le produit" href="http://www.refonte.auchandirect.fr/petit-déjeuner-epicerie-sucrée/petit-déjeuner/thé-aromatisé/id1/484/13986"><img src="http://www.refonte.auchandirect.fr/static/images/products/line/13986.jpg" alt="" class="produit "/></a><div class="picto"><span class="invisible"></span></div><div class="boutons-produit"><a id="addProductToBasket_287" onclick="javascript:Tapestry.waitForPage(event);" title="Ajouter au panier" class="bt-produit-ajout-panier" href="http://www.refonte.auchandirect.fr/rayon.productgridorlist.productlist_1.thumbnailproduct_0.addproducttobasket/13986?t:ac=484">Ajouter au panier</a><a id="addProductToShoppingList_428" onclick="javascript:Tapestry.waitForPage(event);" title="Ajouter à ma liste" class="bt-produit-ajout-liste" href="http://www.refonte.auchandirect.fr/rayon.productgridorlist.productlist_1.thumbnailproduct_0.addproducttoshoppinglist/13986?t:ac=484">Ajouter à ma liste</a></div><div class="infos-produit-1"><div class="prix-actuel"><span>2.14€</span></div></div><div class="infos-produit-2"><a title="Voir le produit" href="http://www.refonte.auchandirect.fr/petit-déjeuner-epicerie-sucrée/petit-déjeuner/thé-aromatisé/id1/484/13986"><h2>LIPTON</h2><h4>Thé aromatisé</h4><h4>Fruits rouges</h4><p>
34 g
<br/>
66.87€/kg
</p></a></div><div class="mini_picto_bas"><img src="http://www.refonte.auchandirect.fr/static/images/DLC-garantie-30j_small.jpg"/></div></div></div></td><td><!-- PL : ici --><div class="bloc-produit "><div class="bloc-produit-content"><a title="Voir le produit" href="http://www.refonte.auchandirect.fr/petit-déjeuner-epicerie-sucrée/petit-déjeuner/coffret-de-thés-parfumés-x-60-sachets/id1/484/61649"><img src="http://www.refonte.auchandirect.fr/static/images/products/line/61649.jpg" alt="" class="produit "/></a><div class="picto"><span class="invisible"></span></div><div class="boutons-produit"><a id="addProductToBasket_288" onclick="javascript:Tapestry.waitForPage(event);" title="Ajouter au panier" class="bt-produit-ajout-panier" href="http://www.refonte.auchandirect.fr/rayon.productgridorlist.productlist_1.thumbnailproduct_0.addproducttobasket/61649?t:ac=484">Ajouter au panier</a><a id="addProductToShoppingList_429" onclick="javascript:Tapestry.waitForPage(event);" title="Ajouter à ma liste" class="bt-produit-ajout-liste" href="http://www.refonte.auchandirect.fr/rayon.productgridorlist.productlist_1.thumbnailproduct_0.addproducttoshoppinglist/61649?t:ac=484">Ajouter à ma liste</a></div><div class="infos-produit-1"><div class="prix-actuel"><span>5.95€</span></div></div><div class="infos-produit-2"><a title="Voir le produit" href="http://www.refonte.auchandirect.fr/petit-déjeuner-epicerie-sucrée/petit-déjeuner/coffret-de-thés-parfumés-x-60-sachets/id1/484/61649"><h2>LIPTON</h2><h4>Coffret de thés parfumés x 60 sachets</h4><h4>Maxi format</h4><p>
96 g
<br/>
61.98€/kg
</p></a></div><div class="mini_picto_bas"><img src="http://www.refonte.auchandirect.fr/static/images/DLC-garantie-30j_small.jpg"/></div></div></div></td><td><!-- PL : ici --><div class="bloc-produit "><div class="bloc-produit-content"><a title="Voir le produit" href="http://www.refonte.auchandirect.fr/petit-déjeuner-epicerie-sucrée/petit-déjeuner/thé-aromatisé/id1/484/9324"><img src="http://www.refonte.auchandirect.fr/static/images/products/line/9324.jpg" alt="" class="produit "/></a><div class="picto"><span class="invisible"></span></div><div class="boutons-produit"><a id="addProductToBasket_289" onclick="javascript:Tapestry.waitForPage(event);" title="Ajouter au panier" class="bt-produit-ajout-panier" href="http://www.refonte.auchandirect.fr/rayon.productgridorlist.productlist_1.thumbnailproduct_0.addproducttobasket/9324?t:ac=484">Ajouter au panier</a><a id="addProductToShoppingList_430" onclick="javascript:Tapestry.waitForPage(event);" title="Ajouter à ma liste" class="bt-produit-ajout-liste" href="http://www.refonte.auchandirect.fr/rayon.productgridorlist.productlist_1.thumbnailproduct_0.addproducttoshoppinglist/9324?t:ac=484">Ajouter à ma liste</a></div><div class="infos-produit-1"><div class="prix-actuel"><span>2.02€</span></div></div><div class="infos-produit-2"><a title="Voir le produit" href="http://www.refonte.auchandirect.fr/petit-déjeuner-epicerie-sucrée/petit-déjeuner/thé-aromatisé/id1/484/9324"><h2>LIPTON</h2><h4>Thé aromatisé</h4><h4>Citron</h4><p>
40 g
<br/>
50.50€/kg
</p></a></div><div class="mini_picto_bas"><img src="http://www.refonte.auchandirect.fr/static/images/DLC-garantie-30j_small.jpg"/></div></div></div></td></tr><tr><td><!-- PL : ici --><div class="bloc-produit "><div class="bloc-produit-content"><a title="Voir le produit" href="http://www.refonte.auchandirect.fr/petit-déjeuner-epicerie-sucrée/petit-déjeuner/thé-mangue-pêche/id1/484/59270"><img src="http://www.refonte.auchandirect.fr/static/images/products/line/59270.jpg" alt="" class="produit "/></a><div class="picto"><span class="invisible"></span></div><div class="boutons-produit"><a id="addProductToBasket_290" onclick="javascript:Tapestry.waitForPage(event);" title="Ajouter au panier" class="bt-produit-ajout-panier" href="http://www.refonte.auchandirect.fr/rayon.productgridorlist.productlist_1.thumbnailproduct_0.addproducttobasket/59270?t:ac=484">Ajouter au panier</a><a id="addProductToShoppingList_431" onclick="javascript:Tapestry.waitForPage(event);" title="Ajouter à ma liste" class="bt-produit-ajout-liste" href="http://www.refonte.auchandirect.fr/rayon.productgridorlist.productlist_1.thumbnailproduct_0.addproducttoshoppinglist/59270?t:ac=484">Ajouter à ma liste</a></div><div class="infos-produit-1"><div class="prix-actuel"><span>2.42€</span></div></div><div class="infos-produit-2"><a title="Voir le produit" href="http://www.refonte.auchandirect.fr/petit-déjeuner-epicerie-sucrée/petit-déjeuner/thé-mangue-pêche/id1/484/59270"><h2>LIPTON</h2><h4>Thé mangue-pêche</h4><h4>Pêche mangue</h4><p>
20 sachets
<br/>
71.18€/kg
</p></a></div><div class="mini_picto_bas"></div></div></div></td><td><!-- PL : ici --><div class="bloc-produit "><div class="bloc-produit-content"><a title="Voir le produit" href="http://www.refonte.auchandirect.fr/petit-déjeuner-epicerie-sucrée/petit-déjeuner/thé-vert-d'asiementhe/id1/484/100321"><img src="http://www.refonte.auchandirect.fr/static/images/products/line/100321.jpg" alt="" class="produit "/></a><div class="picto"><span class="invisible"></span></div><div class="boutons-produit"><a id="addProductToBasket_291" onclick="javascript:Tapestry.waitForPage(event);" title="Ajouter au panier" class="bt-produit-ajout-panier" href="http://www.refonte.auchandirect.fr/rayon.productgridorlist.productlist_1.thumbnailproduct_0.addproducttobasket/100321?t:ac=484">Ajouter au panier</a><a id="addProductToShoppingList_432" onclick="javascript:Tapestry.waitForPage(event);" title="Ajouter à ma liste" class="bt-produit-ajout-liste" href="http://www.refonte.auchandirect.fr/rayon.productgridorlist.productlist_1.thumbnailproduct_0.addproducttoshoppinglist/100321?t:ac=484">Ajouter à ma liste</a></div><div class="infos-produit-1"><div class="prix-actuel"><span>2.49€</span></div></div><div class="infos-produit-2"><a title="Voir le produit" href="http://www.refonte.auchandirect.fr/petit-déjeuner-epicerie-sucrée/petit-déjeuner/thé-vert-d'asiementhe/id1/484/100321"><h2>LIPTON</h2><h4>Thé vert d'asiementhe</h4><h4>Tchaé</h4><p>
50 g
<br/>
49.80€/kg
</p></a></div><div class="mini_picto_bas"><img src="http://www.refonte.auchandirect.fr/static/images/DLC-garantie-30j_small.jpg"/></div></div></div></td><td><!-- PL : ici --><div class="bloc-produit "><div class="bloc-produit-content"><a title="Voir le produit" href="http://www.refonte.auchandirect.fr/the-vert-aromatisé/id1/0/59269"><img src="http://www.refonte.auchandirect.fr/static/images/products/line/59269.jpg" alt="" class="produit "/></a><div class="picto"><span class="invisible"></span></div><div class="boutons-produit"><a id="addProductToBasket_292" onclick="javascript:Tapestry.waitForPage(event);" title="Ajouter au panier" class="bt-produit-ajout-panier" href="http://www.refonte.auchandirect.fr/rayon.productgridorlist.productlist_1.thumbnailproduct_0.addproducttobasket/59269?t:ac=484">Ajouter au panier</a><a id="addProductToShoppingList_433" onclick="javascript:Tapestry.waitForPage(event);" title="Ajouter à ma liste" class="bt-produit-ajout-liste" href="http://www.refonte.auchandirect.fr/rayon.productgridorlist.productlist_1.thumbnailproduct_0.addproducttoshoppinglist/59269?t:ac=484">Ajouter à ma liste</a></div><div class="infos-produit-1"><div class="prix-actuel"><span>2.48€</span></div></div><div class="infos-produit-2"><a title="Voir le produit" href="http://www.refonte.auchandirect.fr/the-vert-aromatisé/id1/0/59269"><h2>LIPTON</h2><h4>The vert aromatisé</h4><h4>Argent d'Asie</h4><p>
40 g
<br/>
62.00€/kg
</p></a></div><div class="mini_picto_bas"><img src="http://www.refonte.auchandirect.fr/static/images/DLC-garantie-30j_small.jpg"/></div></div></div></td></tr><tr><td><!-- PL : ici --><div class="bloc-produit "><div class="bloc-produit-content"><a title="Voir le produit" href="http://www.refonte.auchandirect.fr/petit-déjeuner-epicerie-sucrée/petit-déjeuner/thé-vert-aromatisé/id1/484/28082"><img src="http://www.refonte.auchandirect.fr/static/images/products/line/28082.jpg" alt="" class="produit "/></a><div class="picto"><span class="invisible"></span></div><div class="boutons-produit"><a id="addProductToBasket_293" onclick="javascript:Tapestry.waitForPage(event);" title="Ajouter au panier" class="bt-produit-ajout-panier" href="http://www.refonte.auchandirect.fr/rayon.productgridorlist.productlist_1.thumbnailproduct_0.addproducttobasket/28082?t:ac=484">Ajouter au panier</a><a id="addProductToShoppingList_434" onclick="javascript:Tapestry.waitForPage(event);" title="Ajouter à ma liste" class="bt-produit-ajout-liste" href="http://www.refonte.auchandirect.fr/rayon.productgridorlist.productlist_1.thumbnailproduct_0.addproducttoshoppinglist/28082?t:ac=484">Ajouter à ma liste</a></div><div class="infos-produit-1"><div class="prix-actuel"><span>2.30€</span></div></div><div class="infos-produit-2"><a title="Voir le produit" href="http://www.refonte.auchandirect.fr/petit-déjeuner-epicerie-sucrée/petit-déjeuner/thé-vert-aromatisé/id1/484/28082"><h2>LIPTON</h2><h4>Thé vert aromatisé</h4><h4>Menthe intense</h4><p>
32 g
<br/>
71.87€/kg
</p></a></div><div class="mini_picto_bas"><img src="http://www.refonte.auchandirect.fr/static/images/DLC-garantie-30j_small.jpg"/></div></div></div></td><td><!-- PL : ici --><div class="bloc-produit "><div class="bloc-produit-content"><a title="Voir le produit" href="http://www.refonte.auchandirect.fr/petit-déjeuner-epicerie-sucrée/petit-déjeuner/thé-aromatisé/id1/484/9325"><img src="http://www.refonte.auchandirect.fr/static/images/products/line/9325.jpg" alt="" class="produit "/></a><div class="picto"><span class="invisible"></span></div><div class="boutons-produit"><a id="addProductToBasket_294" onclick="javascript:Tapestry.waitForPage(event);" title="Ajouter au panier" class="bt-produit-ajout-panier" href="http://www.refonte.auchandirect.fr/rayon.productgridorlist.productlist_1.thumbnailproduct_0.addproducttobasket/9325?t:ac=484">Ajouter au panier</a><a id="addProductToShoppingList_435" onclick="javascript:Tapestry.waitForPage(event);" title="Ajouter à ma liste" class="bt-produit-ajout-liste" href="http://www.refonte.auchandirect.fr/rayon.productgridorlist.productlist_1.thumbnailproduct_0.addproducttoshoppinglist/9325?t:ac=484">Ajouter à ma liste</a></div><div class="infos-produit-1"><div class="prix-actuel"><span>2.02€</span></div></div><div class="infos-produit-2"><a title="Voir le produit" href="http://www.refonte.auchandirect.fr/petit-déjeuner-epicerie-sucrée/petit-déjeuner/thé-aromatisé/id1/484/9325"><h2>LIPTON</h2><h4>Thé aromatisé</h4><h4>Menthe</h4><p>
40 g
<br/>
50.50€/kg
</p></a></div><div class="mini_picto_bas"><img src="http://www.refonte.auchandirect.fr/static/images/DLC-garantie-30j_small.jpg"/></div></div></div></td><td><!-- PL : ici --><div class="bloc-produit "><div class="bloc-produit-content"><a title="Voir le produit" href="http://www.refonte.auchandirect.fr/petit-déjeuner-epicerie-sucrée/petit-déjeuner/thé-vert-d'orient/id1/484/100322"><img src="http://www.refonte.auchandirect.fr/static/images/products/line/100322.jpg" alt="" class="produit "/></a><div class="picto"><span class="invisible"></span></div><div class="boutons-produit"><a id="addProductToBasket_295" onclick="javascript:Tapestry.waitForPage(event);" title="Ajouter au panier" class="bt-produit-ajout-panier" href="http://www.refonte.auchandirect.fr/rayon.productgridorlist.productlist_1.thumbnailproduct_0.addproducttobasket/100322?t:ac=484">Ajouter au panier</a><a id="addProductToShoppingList_436" onclick="javascript:Tapestry.waitForPage(event);" title="Ajouter à ma liste" class="bt-produit-ajout-liste" href="http://www.refonte.auchandirect.fr/rayon.productgridorlist.productlist_1.thumbnailproduct_0.addproducttoshoppinglist/100322?t:ac=484">Ajouter à ma liste</a></div><div class="infos-produit-1"><div class="prix-actuel"><span>2.49€</span></div></div><div class="infos-produit-2"><a title="Voir le produit" href="http://www.refonte.auchandirect.fr/petit-déjeuner-epicerie-sucrée/petit-déjeuner/thé-vert-d'orient/id1/484/100322"><h2>LIPTON</h2><h4>Thé vert d'orient</h4><h4>Tchaé</h4><p>
44 g
<br/>
56.59€/kg
</p></a></div><div class="mini_picto_bas"><img src="http://www.refonte.auchandirect.fr/static/images/DLC-garantie-30j_small.jpg"/></div></div></div></td></tr><tr><td><!-- PL : ici --><div class="bloc-produit  bientot-dispo"><div class="bloc-produit-content"><a title="Voir le produit" href="http://www.refonte.auchandirect.fr/petit-déjeuner-epicerie-sucrée/petit-déjeuner/thé-vert-délicatement-aromatisé/id1/484/19425"><img src="http://www.refonte.auchandirect.fr/static/images/products/line/19425.jpg" alt="" class="produit "/></a><div class="picto"><span class="invisible"></span></div><div class="boutons-produit"><a class="bt-produit-ajout-panier disable" title="Bientôt disponible" href="javascript:void(0)">Bientôt disponible</a><a id="addProductToShoppingList_437" onclick="javascript:Tapestry.waitForPage(event);" title="Ajouter à ma liste" class="bt-produit-ajout-liste" href="http://www.refonte.auchandirect.fr/rayon.productgridorlist.productlist_1.thumbnailproduct_0.addproducttoshoppinglist/19425?t:ac=484">Ajouter à ma liste</a></div><div class="infos-produit-1"><div class="prix-actuel"><span>2.09€</span></div></div><div class="infos-produit-2"><a title="Voir le produit" href="http://www.refonte.auchandirect.fr/petit-déjeuner-epicerie-sucrée/petit-déjeuner/thé-vert-délicatement-aromatisé/id1/484/19425"><h2>LIPTON</h2><h4>Thé vert délicatement aromatisé</h4><h4>Aromatisé vert</h4><p>
32, 5 g
<br/>
83.60€/kg
</p></a></div><div class="mini_picto_bas"><img src="http://www.refonte.auchandirect.fr/static/images/DLC-garantie-30j_small.jpg"/></div></div></div></td><td><!-- PL : ici --><div class="bloc-produit "><div class="bloc-produit-content"><a title="Voir le produit" href="http://www.refonte.auchandirect.fr/petit-déjeuner-epicerie-sucrée/petit-déjeuner/pâte-à-tartiner/id1/484/59117"><img src="http://www.refonte.auchandirect.fr/static/images/products/line/59117.jpg" alt="" class="produit "/></a><div class="picto"><span class="invisible"></span></div><div class="boutons-produit"><a id="addProductToBasket_296" onclick="javascript:Tapestry.waitForPage(event);" title="Ajouter au panier" class="bt-produit-ajout-panier" href="http://www.refonte.auchandirect.fr/rayon.productgridorlist.productlist_1.thumbnailproduct_0.addproducttobasket/59117?t:ac=484">Ajouter au panier</a><a id="addProductToShoppingList_438" onclick="javascript:Tapestry.waitForPage(event);" title="Ajouter à ma liste" class="bt-produit-ajout-liste" href="http://www.refonte.auchandirect.fr/rayon.productgridorlist.productlist_1.thumbnailproduct_0.addproducttoshoppinglist/59117?t:ac=484">Ajouter à ma liste</a></div><div class="infos-produit-1"><div class="prix-actuel"><span>3.05€</span></div></div><div class="infos-produit-2"><a title="Voir le produit" href="http://www.refonte.auchandirect.fr/petit-déjeuner-epicerie-sucrée/petit-déjeuner/pâte-à-tartiner/id1/484/59117"><h2>LOTUS</h2><h4>Pâte à tartiner</h4><h4>Speculoos</h4><p>
400 g
<br/>
7.63€/kg
</p></a></div><div class="mini_picto_bas"><img src="http://www.refonte.auchandirect.fr/static/images/DLC-garantie-30j_small.jpg"/></div></div></div></td><td><!-- PL : ici --><div class="bloc-produit "><div class="bloc-produit-content"><a title="Voir le produit" href="http://www.refonte.auchandirect.fr/petit-déjeuner-epicerie-sucrée/petit-déjeuner/petit-déjeuner-chocolat/id1/484/71860"><img src="http://www.refonte.auchandirect.fr/static/images/products/line/71860.jpg" alt="" class="produit "/></a><div class="picto"><span class="invisible"></span></div><div class="boutons-produit"><a id="addProductToBasket_297" onclick="javascript:Tapestry.waitForPage(event);" title="Ajouter au panier" class="bt-produit-ajout-panier" href="http://www.refonte.auchandirect.fr/rayon.productgridorlist.productlist_1.thumbnailproduct_0.addproducttobasket/71860?t:ac=484">Ajouter au panier</a><a id="addProductToShoppingList_439" onclick="javascript:Tapestry.waitForPage(event);" title="Ajouter à ma liste" class="bt-produit-ajout-liste" href="http://www.refonte.auchandirect.fr/rayon.productgridorlist.productlist_1.thumbnailproduct_0.addproducttoshoppinglist/71860?t:ac=484">Ajouter à ma liste</a></div><div class="infos-produit-1"><div class="prix-actuel"><span>6.09€</span></div></div><div class="infos-produit-2"><a title="Voir le produit" href="http://www.refonte.auchandirect.fr/petit-déjeuner-epicerie-sucrée/petit-déjeuner/petit-déjeuner-chocolat/id1/484/71860"><h2>LU</h2><h4>Petit déjeuner chocolat</h4><h4>BELVITA</h4><p>
3x400 g
<br/>
5.07€/kg
</p></a></div><div class="mini_picto_bas"></div></div></div></td></tr><tr><td><!-- PL : ici --><div class="bloc-produit "><div class="bloc-produit-content"><a title="Voir le produit" href="http://www.refonte.auchandirect.fr/petit-déjeuner-epicerie-sucrée/biscuits,-goûters/barres-céréalières-au-chocolat/id1/483/22550"><img src="http://www.refonte.auchandirect.fr/static/images/products/line/22550.jpg" alt="" class="produit "/></a><div class="picto"><span class="invisible"></span></div><div class="boutons-produit"><a id="addProductToBasket_298" onclick="javascript:Tapestry.waitForPage(event);" title="Ajouter au panier" class="bt-produit-ajout-panier" href="http://www.refonte.auchandirect.fr/rayon.productgridorlist.productlist_1.thumbnailproduct_0.addproducttobasket/22550?t:ac=484">Ajouter au panier</a><a id="addProductToShoppingList_440" onclick="javascript:Tapestry.waitForPage(event);" title="Ajouter à ma liste" class="bt-produit-ajout-liste" href="http://www.refonte.auchandirect.fr/rayon.productgridorlist.productlist_1.thumbnailproduct_0.addproducttoshoppinglist/22550?t:ac=484">Ajouter à ma liste</a></div><div class="infos-produit-1"><div class="prix-actuel"><span>2.21€</span></div></div><div class="infos-produit-2"><a title="Voir le produit" href="http://www.refonte.auchandirect.fr/petit-déjeuner-epicerie-sucrée/biscuits,-goûters/barres-céréalières-au-chocolat/id1/483/22550"><h2>LU</h2><h4>Barres céréalières au chocolat</h4><h4>Grany</h4><p>
125 g
<br/>
17.68€/kg
</p></a></div><div class="mini_picto_bas"><img src="http://www.refonte.auchandirect.fr/static/images/DLC-garantie-30j_small.jpg"/></div></div></div></td><td><!-- PL : ici --><div class="bloc-produit  bientot-dispo"><div class="bloc-produit-content"><a title="Voir le produit" href="http://www.refonte.auchandirect.fr/petit-déjeuner-epicerie-sucrée/petit-déjeuner/biscottes-x-36/id1/484/100346"><img src="http://www.refonte.auchandirect.fr/static/images/products/line/100346.jpg" alt="" class="produit "/></a><div class="picto"><span class="invisible"></span></div><div class="boutons-produit"><a class="bt-produit-ajout-panier disable" title="Bientôt disponible" href="javascript:void(0)">Bientôt disponible</a><a id="addProductToShoppingList_441" onclick="javascript:Tapestry.waitForPage(event);" title="Ajouter à ma liste" class="bt-produit-ajout-liste" href="http://www.refonte.auchandirect.fr/rayon.productgridorlist.productlist_1.thumbnailproduct_0.addproducttoshoppinglist/100346?t:ac=484">Ajouter à ma liste</a></div><div class="infos-produit-1"><div class="prix-actuel"><span>2.31€</span></div></div><div class="infos-produit-2"><a title="Voir le produit" href="http://www.refonte.auchandirect.fr/petit-déjeuner-epicerie-sucrée/petit-déjeuner/biscottes-x-36/id1/484/100346"><h2>LU</h2><h4>Biscottes x 36</h4><h4>Pelletier gourmande</h4><p>
285 g
<br/>
8.11€/kg
</p></a></div><div class="mini_picto_bas"><img src="http://www.refonte.auchandirect.fr/static/images/DLC-garantie-30j_small.jpg"/></div></div></div></td><td><!-- PL : ici --><div class="bloc-produit "><div class="bloc-produit-content"><a title="Voir le produit" href="http://www.refonte.auchandirect.fr/petit-déjeuner-epicerie-sucrée/biscuits,-goûters/biscuits-chocolat---noisettes/id1/483/46381"><img src="http://www.refonte.auchandirect.fr/static/images/products/line/46381.jpg" alt="" class="produit "/></a><div class="picto"><span class="invisible"></span></div><div class="boutons-produit"><a id="addProductToBasket_299" onclick="javascript:Tapestry.waitForPage(event);" title="Ajouter au panier" class="bt-produit-ajout-panier" href="http://www.refonte.auchandirect.fr/rayon.productgridorlist.productlist_1.thumbnailproduct_0.addproducttobasket/46381?t:ac=484">Ajouter au panier</a><a id="addProductToShoppingList_442" onclick="javascript:Tapestry.waitForPage(event);" title="Ajouter à ma liste" class="bt-produit-ajout-liste" href="http://www.refonte.auchandirect.fr/rayon.productgridorlist.productlist_1.thumbnailproduct_0.addproducttoshoppinglist/46381?t:ac=484">Ajouter à ma liste</a></div><div class="infos-produit-1"><div class="prix-actuel"><span>2.67€</span></div></div><div class="infos-produit-2"><a title="Voir le produit" href="http://www.refonte.auchandirect.fr/petit-déjeuner-epicerie-sucrée/biscuits,-goûters/biscuits-chocolat---noisettes/id1/483/46381"><h2>LU</h2><h4>Biscuits chocolat - noisettes</h4><h4>Petit déjeuner</h4><p>
253 g
<br/>
10.55€/kg
</p></a></div><div class="mini_picto_bas"><img src="http://www.refonte.auchandirect.fr/static/images/DLC-garantie-30j_small.jpg"/></div></div></div></td></tr><tr><td><!-- PL : ici --><div class="bloc-produit "><div class="bloc-produit-content"><a title="Voir le produit" href="http://www.refonte.auchandirect.fr/petit-déjeuner-epicerie-sucrée/biscuits,-goûters/biscuits-céréales-complètes,-miel-et-pépites-de-chocolat/id1/483/38264"><img src="http://www.refonte.auchandirect.fr/static/images/products/line/38264.jpg" alt="" class="produit "/></a><div class="picto"><span class="invisible"></span></div><div class="boutons-produit"><a id="addProductToBasket_300" onclick="javascript:Tapestry.waitForPage(event);" title="Ajouter au panier" class="bt-produit-ajout-panier" href="http://www.refonte.auchandirect.fr/rayon.productgridorlist.productlist_1.thumbnailproduct_0.addproducttobasket/38264?t:ac=484">Ajouter au panier</a><a id="addProductToShoppingList_443" onclick="javascript:Tapestry.waitForPage(event);" title="Ajouter à ma liste" class="bt-produit-ajout-liste" href="http://www.refonte.auchandirect.fr/rayon.productgridorlist.productlist_1.thumbnailproduct_0.addproducttoshoppinglist/38264?t:ac=484">Ajouter à ma liste</a></div><div class="infos-produit-1"><div class="prix-actuel"><span>2.77€</span></div></div><div class="infos-produit-2"><a title="Voir le produit" href="http://www.refonte.auchandirect.fr/petit-déjeuner-epicerie-sucrée/biscuits,-goûters/biscuits-céréales-complètes,-miel-et-pépites-de-chocolat/id1/483/38264"><h2>LU</h2><h4>Biscuits céréales complètes, miel et pépites de chocolat</h4><h4>Petit déjeuner</h4><p>
435 g
<br/>
6.37€/kg
</p></a></div><div class="mini_picto_bas"><img src="http://www.refonte.auchandirect.fr/static/images/DLC-garantie-30j_small.jpg"/></div></div></div></td><td><!-- PL : ici --><div class="bloc-produit "><div class="bloc-produit-content"><a title="Voir le produit" href="http://www.refonte.auchandirect.fr/petit-déjeuner-epicerie-sucrée/biscuits,-goûters/biscuit-brut-de-céréales/id1/483/22853"><img src="http://www.refonte.auchandirect.fr/static/images/products/line/22853.jpg" alt="" class="produit "/></a><div class="picto"><span class="invisible"></span></div><div class="boutons-produit"><a id="addProductToBasket_301" onclick="javascript:Tapestry.waitForPage(event);" title="Ajouter au panier" class="bt-produit-ajout-panier" href="http://www.refonte.auchandirect.fr/rayon.productgridorlist.productlist_1.thumbnailproduct_0.addproducttobasket/22853?t:ac=484">Ajouter au panier</a><a id="addProductToShoppingList_444" onclick="javascript:Tapestry.waitForPage(event);" title="Ajouter à ma liste" class="bt-produit-ajout-liste" href="http://www.refonte.auchandirect.fr/rayon.productgridorlist.productlist_1.thumbnailproduct_0.addproducttoshoppinglist/22853?t:ac=484">Ajouter à ma liste</a></div><div class="infos-produit-1"><div class="prix-actuel"><span>2.85€</span></div></div><div class="infos-produit-2"><a title="Voir le produit" href="http://www.refonte.auchandirect.fr/petit-déjeuner-epicerie-sucrée/biscuits,-goûters/biscuit-brut-de-céréales/id1/483/22853"><h2>LU</h2><h4>Biscuit brut de céréales</h4><h4>Petit déjeuner</h4><p>
400 g
<br/>
7.13€/kg
</p></a></div><div class="mini_picto_bas"><img src="http://www.refonte.auchandirect.fr/static/images/DLC-garantie-30j_small.jpg"/></div></div></div></td><td><!-- PL : ici --><div class="bloc-produit "><div class="bloc-produit-content"><a title="Voir le produit" href="http://www.refonte.auchandirect.fr/petit-déjeuner-epicerie-sucrée/biscuits,-goûters/biscuits-aux-céréales-et-pépites-de-chocolat/id1/483/2276"><img src="http://www.refonte.auchandirect.fr/static/images/products/line/2276.jpg" alt="" class="produit "/></a><div class="picto"><span class="invisible"></span></div><div class="boutons-produit"><a id="addProductToBasket_302" onclick="javascript:Tapestry.waitForPage(event);" title="Ajouter au panier" class="bt-produit-ajout-panier" href="http://www.refonte.auchandirect.fr/rayon.productgridorlist.productlist_1.thumbnailproduct_0.addproducttobasket/2276?t:ac=484">Ajouter au panier</a><a id="addProductToShoppingList_445" onclick="javascript:Tapestry.waitForPage(event);" title="Ajouter à ma liste" class="bt-produit-ajout-liste" href="http://www.refonte.auchandirect.fr/rayon.productgridorlist.productlist_1.thumbnailproduct_0.addproducttoshoppinglist/2276?t:ac=484">Ajouter à ma liste</a></div><div class="infos-produit-1"><div class="prix-actuel"><span>2.28€</span></div></div><div class="infos-produit-2"><a title="Voir le produit" href="http://www.refonte.auchandirect.fr/petit-déjeuner-epicerie-sucrée/biscuits,-goûters/biscuits-aux-céréales-et-pépites-de-chocolat/id1/483/2276"><h2>LU</h2><h4>Biscuits aux céréales et pépites de chocolat</h4><h4>Petit déjeuner</h4><p>
400 g
<br/>
5.70€/kg
</p></a></div><div class="mini_picto_bas"><img src="http://www.refonte.auchandirect.fr/static/images/DLC-garantie-30j_small.jpg"/></div></div></div></td></tr><tr><td><!-- PL : ici --><div class="bloc-produit "><div class="bloc-produit-content"><a title="Voir le produit" href="http://www.refonte.auchandirect.fr/petit-déjeuner-epicerie-sucrée/biscuits,-goûters/biscuits-céréales,-pépites-de-chocolat-et-lait/id1/483/6716"><img src="http://www.refonte.auchandirect.fr/static/images/products/line/6716.jpg" alt="" class="produit "/></a><div class="picto"><span class="invisible"></span></div><div class="boutons-produit"><a id="addProductToBasket_303" onclick="javascript:Tapestry.waitForPage(event);" title="Ajouter au panier" class="bt-produit-ajout-panier" href="http://www.refonte.auchandirect.fr/rayon.productgridorlist.productlist_1.thumbnailproduct_0.addproducttobasket/6716?t:ac=484">Ajouter au panier</a><a id="addProductToShoppingList_446" onclick="javascript:Tapestry.waitForPage(event);" title="Ajouter à ma liste" class="bt-produit-ajout-liste" href="http://www.refonte.auchandirect.fr/rayon.productgridorlist.productlist_1.thumbnailproduct_0.addproducttoshoppinglist/6716?t:ac=484">Ajouter à ma liste</a></div><div class="infos-produit-1"><div class="prix-actuel"><span>2.23€</span></div></div><div class="infos-produit-2"><a title="Voir le produit" href="http://www.refonte.auchandirect.fr/petit-déjeuner-epicerie-sucrée/biscuits,-goûters/biscuits-céréales,-pépites-de-chocolat-et-lait/id1/483/6716"><h2>LU</h2><h4>Biscuits céréales, pépites de chocolat et lait</h4><h4>Prince</h4><p>
300 g
<br/>
7.43€/kg
</p></a></div><div class="mini_picto_bas"><img src="http://www.refonte.auchandirect.fr/static/images/DLC-garantie-30j_small.jpg"/></div></div></div></td><td><!-- PL : ici --><div class="bloc-produit "><div class="bloc-produit-content"><a title="Voir le produit" href="http://www.refonte.auchandirect.fr/petit-déjeuner-epicerie-sucrée/biscuits,-goûters/biscuits-sablés-lait-et-céréales/id1/483/8972"><img src="http://www.refonte.auchandirect.fr/static/images/products/line/8972.jpg" alt="" class="produit "/></a><div class="picto"><span class="invisible"></span></div><div class="boutons-produit"><a id="addProductToBasket_304" onclick="javascript:Tapestry.waitForPage(event);" title="Ajouter au panier" class="bt-produit-ajout-panier" href="http://www.refonte.auchandirect.fr/rayon.productgridorlist.productlist_1.thumbnailproduct_0.addproducttobasket/8972?t:ac=484">Ajouter au panier</a><a id="addProductToShoppingList_447" onclick="javascript:Tapestry.waitForPage(event);" title="Ajouter à ma liste" class="bt-produit-ajout-liste" href="http://www.refonte.auchandirect.fr/rayon.productgridorlist.productlist_1.thumbnailproduct_0.addproducttoshoppinglist/8972?t:ac=484">Ajouter à ma liste</a></div><div class="infos-produit-1"><div class="prix-actuel"><span>2.78€</span></div></div><div class="infos-produit-2"><a title="Voir le produit" href="http://www.refonte.auchandirect.fr/petit-déjeuner-epicerie-sucrée/biscuits,-goûters/biscuits-sablés-lait-et-céréales/id1/483/8972"><h2>LU</h2><h4>Biscuits sablés lait et céréales</h4><h4>Petit déjeuner</h4><p>
400 g
<br/>
6.95€/kg
</p></a></div><div class="mini_picto_bas"></div></div></div></td><td><!-- PL : ici --><div class="bloc-produit "><div class="bloc-produit-content"><a title="Voir le produit" href="http://www.refonte.auchandirect.fr/petit-déjeuner-epicerie-sucrée/biscuits,-goûters/biscuits-allégés-céréales-et-pépites-chocolat/id1/483/19949"><img src="http://www.refonte.auchandirect.fr/static/images/products/line/19949.jpg" alt="" class="produit "/></a><div class="picto"><span class="invisible"></span></div><div class="boutons-produit"><a id="addProductToBasket_305" onclick="javascript:Tapestry.waitForPage(event);" title="Ajouter au panier" class="bt-produit-ajout-panier" href="http://www.refonte.auchandirect.fr/rayon.productgridorlist.productlist_1.thumbnailproduct_0.addproducttobasket/19949?t:ac=484">Ajouter au panier</a><a id="addProductToShoppingList_448" onclick="javascript:Tapestry.waitForPage(event);" title="Ajouter à ma liste" class="bt-produit-ajout-liste" href="http://www.refonte.auchandirect.fr/rayon.productgridorlist.productlist_1.thumbnailproduct_0.addproducttoshoppinglist/19949?t:ac=484">Ajouter à ma liste</a></div><div class="infos-produit-1"><div class="prix-actuel"><span>2.90€</span></div></div><div class="infos-produit-2"><a title="Voir le produit" href="http://www.refonte.auchandirect.fr/petit-déjeuner-epicerie-sucrée/biscuits,-goûters/biscuits-allégés-céréales-et-pépites-chocolat/id1/483/19949"><h2>LU</h2><h4>Biscuits allégés céréales et pépites chocolat</h4><h4>Petit déjeuner</h4><p>
300 g
<br/>
9.67€/kg
</p></a></div><div class="mini_picto_bas"><img src="http://www.refonte.auchandirect.fr/static/images/DLC-garantie-30j_small.jpg"/></div></div></div></td></tr><tr><td><!-- PL : ici --><div class="bloc-produit  bientot-dispo"><div class="bloc-produit-content"><a title="Voir le produit" href="http://www.refonte.auchandirect.fr/petit-déjeuner-epicerie-sucrée/petit-déjeuner/biscuits-chocolat-et-céréales/id1/484/76121"><img src="http://www.refonte.auchandirect.fr/static/images/products/line/76121.jpg" alt="" class="produit "/></a><div class="picto"><span class="invisible"></span></div><div class="boutons-produit"><a class="bt-produit-ajout-panier disable" title="Bientôt disponible" href="javascript:void(0)">Bientôt disponible</a><a id="addProductToShoppingList_449" onclick="javascript:Tapestry.waitForPage(event);" title="Ajouter à ma liste" class="bt-produit-ajout-liste" href="http://www.refonte.auchandirect.fr/rayon.productgridorlist.productlist_1.thumbnailproduct_0.addproducttoshoppinglist/76121?t:ac=484">Ajouter à ma liste</a></div><div class="infos-produit-1"><div class="prix-actuel"><span>3.45€</span></div></div><div class="infos-produit-2"><a title="Voir le produit" href="http://www.refonte.auchandirect.fr/petit-déjeuner-epicerie-sucrée/petit-déjeuner/biscuits-chocolat-et-céréales/id1/484/76121"><h2>LU</h2><h4>Biscuits chocolat et céréales</h4><h4>Petit-déjeuner</h4><p>
600 g
<br/>
5.75€/kg
</p></a></div><div class="mini_picto_bas"></div></div></div></td><td><!-- PL : ici --><div class="bloc-produit promotion bientot-dispo"><div class="bloc-produit-content"><a title="Voir le produit" href="http://www.refonte.auchandirect.fr/petit-déjeuner-epicerie-sucrée/petit-déjeuner/biscuits-céréales-complètes,-miel-et-pépites-de-chocolat/id1/484/71819"><img src="http://www.refonte.auchandirect.fr/static/images/products/line/71819.jpg" alt="" class="produit "/></a><div class="picto"><span class="invisible"></span></div><img src="http://www.refonte.auchandirect.fr/static/images/promo_small.png" class="ruban"/><div class="boutons-produit"><a class="bt-produit-ajout-panier disable" title="Bientôt disponible" href="javascript:void(0)">Bientôt disponible</a><a id="addProductToShoppingList_450" onclick="javascript:Tapestry.waitForPage(event);" title="Ajouter à ma liste" class="bt-produit-ajout-liste" href="http://www.refonte.auchandirect.fr/rayon.productgridorlist.productlist_1.thumbnailproduct_0.addproducttoshoppinglist/71819?t:ac=484">Ajouter à ma liste</a></div><div class="infos-produit-1"><div class="prix-actuel"><span>4.75€</span></div></div><div class="infos-produit-2"><a title="Voir le produit" href="http://www.refonte.auchandirect.fr/petit-déjeuner-epicerie-sucrée/petit-déjeuner/biscuits-céréales-complètes,-miel-et-pépites-de-chocolat/id1/484/71819"><h2>LU</h2><h4>Biscuits céréales complètes, miel et pépites de chocolat</h4><h4></h4><p>
2 x 435 g
<br/>
5.46€/kg
</p></a></div><div class="mini_picto_bas"></div></div></div></td><td><!-- PL : ici --><div class="bloc-produit "><div class="bloc-produit-content"><a title="Voir le produit" href="http://www.refonte.auchandirect.fr/petit-déjeuner-epicerie-sucrée/petit-déjeuner/biscottes-fourrées-au-chocolat/id1/484/100924"><img src="http://www.refonte.auchandirect.fr/static/images/products/line/100924.jpg" alt="" class="produit "/></a><div class="picto"><span class="invisible"></span></div><div class="boutons-produit"><a id="addProductToBasket_306" onclick="javascript:Tapestry.waitForPage(event);" title="Ajouter au panier" class="bt-produit-ajout-panier" href="http://www.refonte.auchandirect.fr/rayon.productgridorlist.productlist_1.thumbnailproduct_0.addproducttobasket/100924?t:ac=484">Ajouter au panier</a><a id="addProductToShoppingList_451" onclick="javascript:Tapestry.waitForPage(event);" title="Ajouter à ma liste" class="bt-produit-ajout-liste" href="http://www.refonte.auchandirect.fr/rayon.productgridorlist.productlist_1.thumbnailproduct_0.addproducttoshoppinglist/100924?t:ac=484">Ajouter à ma liste</a></div><div class="infos-produit-1"><div class="prix-actuel"><span>1.90€</span></div></div><div class="infos-produit-2"><a title="Voir le produit" href="http://www.refonte.auchandirect.fr/petit-déjeuner-epicerie-sucrée/petit-déjeuner/biscottes-fourrées-au-chocolat/id1/484/100924"><h2>LU</h2><h4>Biscottes fourrées au chocolat</h4><h4>Cracotte craquinette</h4><p>
200 g
<br/>
9.50€/kg
</p></a></div><div class="mini_picto_bas"><img src="http://www.refonte.auchandirect.fr/static/images/DLC-garantie-30j_small.jpg"/></div></div></div></td></tr><tr><td><!-- PL : ici --><div class="bloc-produit  bientot-dispo"><div class="bloc-produit-content"><a title="Voir le produit" href="http://www.refonte.auchandirect.fr/petit-déjeuner-epicerie-sucrée/petit-déjeuner/biscottes-fourrées-fraise/id1/484/43712"><img src="http://www.refonte.auchandirect.fr/static/images/products/line/43712.jpg" alt="" class="produit "/></a><div class="picto"><span class="invisible"></span></div><div class="boutons-produit"><a class="bt-produit-ajout-panier disable" title="Bientôt disponible" href="javascript:void(0)">Bientôt disponible</a><a id="addProductToShoppingList_452" onclick="javascript:Tapestry.waitForPage(event);" title="Ajouter à ma liste" class="bt-produit-ajout-liste" href="http://www.refonte.auchandirect.fr/rayon.productgridorlist.productlist_1.thumbnailproduct_0.addproducttoshoppinglist/43712?t:ac=484">Ajouter à ma liste</a></div><div class="infos-produit-1"><div class="prix-actuel"><span>1.98€</span></div></div><div class="infos-produit-2"><a title="Voir le produit" href="http://www.refonte.auchandirect.fr/petit-déjeuner-epicerie-sucrée/petit-déjeuner/biscottes-fourrées-fraise/id1/484/43712"><h2>LU</h2><h4>Biscottes fourrées fraise</h4><h4>Cracotte craquinette</h4><p>
200 g
<br/>
9.90€/kg
</p></a></div><div class="mini_picto_bas"><img src="http://www.refonte.auchandirect.fr/static/images/DLC-garantie-30j_small.jpg"/></div></div></div></td><td><!-- PL : ici --><div class="bloc-produit  bientot-dispo"><div class="bloc-produit-content"><a title="Voir le produit" href="http://www.refonte.auchandirect.fr/petit-déjeuner-epicerie-sucrée/petit-déjeuner/biscottes-fourrées-framboise/id1/484/100925"><img src="http://www.refonte.auchandirect.fr/static/images/products/line/100925.jpg" alt="" class="produit "/></a><div class="picto"><span class="invisible"></span></div><div class="boutons-produit"><a class="bt-produit-ajout-panier disable" title="Bientôt disponible" href="javascript:void(0)">Bientôt disponible</a><a id="addProductToShoppingList_453" onclick="javascript:Tapestry.waitForPage(event);" title="Ajouter à ma liste" class="bt-produit-ajout-liste" href="http://www.refonte.auchandirect.fr/rayon.productgridorlist.productlist_1.thumbnailproduct_0.addproducttoshoppinglist/100925?t:ac=484">Ajouter à ma liste</a></div><div class="infos-produit-1"><div class="prix-actuel"><span>1.99€</span></div></div><div class="infos-produit-2"><a title="Voir le produit" href="http://www.refonte.auchandirect.fr/petit-déjeuner-epicerie-sucrée/petit-déjeuner/biscottes-fourrées-framboise/id1/484/100925"><h2>LU</h2><h4>Biscottes fourrées framboise</h4><h4>Cracotte craquinette</h4><p>
200 g
<br/>
9.95€/kg
</p></a></div><div class="mini_picto_bas"><img src="http://www.refonte.auchandirect.fr/static/images/DLC-garantie-30j_small.jpg"/></div></div></div></td><td><!-- PL : ici --><div class="bloc-produit "><div class="bloc-produit-content"><a title="Voir le produit" href="http://www.refonte.auchandirect.fr/petit-déjeuner-epicerie-sucrée/petit-déjeuner/tartines-biscuitées/id1/484/100949"><img src="http://www.refonte.auchandirect.fr/static/images/products/line/100949.jpg" alt="" class="produit "/></a><div class="picto"><span class="invisible"></span></div><div class="boutons-produit"><a id="addProductToBasket_307" onclick="javascript:Tapestry.waitForPage(event);" title="Ajouter au panier" class="bt-produit-ajout-panier" href="http://www.refonte.auchandirect.fr/rayon.productgridorlist.productlist_1.thumbnailproduct_0.addproducttobasket/100949?t:ac=484">Ajouter au panier</a><a id="addProductToShoppingList_454" onclick="javascript:Tapestry.waitForPage(event);" title="Ajouter à ma liste" class="bt-produit-ajout-liste" href="http://www.refonte.auchandirect.fr/rayon.productgridorlist.productlist_1.thumbnailproduct_0.addproducttoshoppinglist/100949?t:ac=484">Ajouter à ma liste</a></div><div class="infos-produit-1"><div class="prix-actuel"><span>2.30€</span></div></div><div class="infos-produit-2"><a title="Voir le produit" href="http://www.refonte.auchandirect.fr/petit-déjeuner-epicerie-sucrée/petit-déjeuner/tartines-biscuitées/id1/484/100949"><h2>LU</h2><h4>Tartines biscuitées</h4><h4>Cracotte</h4><p>
250 g
<br/>
9.20€/kg
</p></a></div><div class="mini_picto_bas"><img src="http://www.refonte.auchandirect.fr/static/images/DLC-garantie-30j_small.jpg"/></div></div></div></td></tr><tr><td><!-- PL : ici --><div class="bloc-produit "><div class="bloc-produit-content"><a title="Voir le produit" href="http://www.refonte.auchandirect.fr/petit-déjeuner-epicerie-sucrée/petit-déjeuner/tranches-grillées-au-froment/id1/484/100828"><img src="http://www.refonte.auchandirect.fr/static/images/products/line/100828.jpg" alt="" class="produit "/></a><div class="picto"><span class="invisible"></span></div><div class="boutons-produit"><a id="addProductToBasket_308" onclick="javascript:Tapestry.waitForPage(event);" title="Ajouter au panier" class="bt-produit-ajout-panier" href="http://www.refonte.auchandirect.fr/rayon.productgridorlist.productlist_1.thumbnailproduct_0.addproducttobasket/100828?t:ac=484">Ajouter au panier</a><a id="addProductToShoppingList_455" onclick="javascript:Tapestry.waitForPage(event);" title="Ajouter à ma liste" class="bt-produit-ajout-liste" href="http://www.refonte.auchandirect.fr/rayon.productgridorlist.productlist_1.thumbnailproduct_0.addproducttoshoppinglist/100828?t:ac=484">Ajouter à ma liste</a></div><div class="infos-produit-1"><div class="prix-actuel"><span>1.81€</span></div></div><div class="infos-produit-2"><a title="Voir le produit" href="http://www.refonte.auchandirect.fr/petit-déjeuner-epicerie-sucrée/petit-déjeuner/tranches-grillées-au-froment/id1/484/100828"><h2>LU</h2><h4>Tranches grillées au froment</h4><h4>Cracotte</h4><p>
250 g
<br/>
7.24€/kg
</p></a></div><div class="mini_picto_bas"><img src="http://www.refonte.auchandirect.fr/static/images/DLC-garantie-30j_small.jpg"/></div></div></div></td><td><!-- PL : ici --><div class="bloc-produit "><div class="bloc-produit-content"><a title="Voir le produit" href="http://www.refonte.auchandirect.fr/petit-déjeuner-epicerie-sucrée/petit-déjeuner/biscuits-céréales-complètes/id1/484/8903"><img src="http://www.refonte.auchandirect.fr/static/images/products/line/8903.jpg" alt="" class="produit "/></a><div class="picto"><span class="invisible"></span></div><div class="boutons-produit"><a id="addProductToBasket_309" onclick="javascript:Tapestry.waitForPage(event);" title="Ajouter au panier" class="bt-produit-ajout-panier" href="http://www.refonte.auchandirect.fr/rayon.productgridorlist.productlist_1.thumbnailproduct_0.addproducttobasket/8903?t:ac=484">Ajouter au panier</a><a id="addProductToShoppingList_456" onclick="javascript:Tapestry.waitForPage(event);" title="Ajouter à ma liste" class="bt-produit-ajout-liste" href="http://www.refonte.auchandirect.fr/rayon.productgridorlist.productlist_1.thumbnailproduct_0.addproducttoshoppinglist/8903?t:ac=484">Ajouter à ma liste</a></div><div class="infos-produit-1"><div class="prix-actuel"><span>2.23€</span></div></div><div class="infos-produit-2"><a title="Voir le produit" href="http://www.refonte.auchandirect.fr/petit-déjeuner-epicerie-sucrée/petit-déjeuner/biscuits-céréales-complètes/id1/484/8903"><h2>LU</h2><h4>Biscuits céréales complètes</h4><h4>Cracotte</h4><p>
250 g
<br/>
8.92€/kg
</p></a></div><div class="mini_picto_bas"><img src="http://www.refonte.auchandirect.fr/static/images/DLC-garantie-30j_small.jpg"/></div></div></div></td><td><!-- PL : ici --><div class="bloc-produit "><div class="bloc-produit-content"><a title="Voir le produit" href="http://www.refonte.auchandirect.fr/petit-déjeuner-epicerie-sucrée/petit-déjeuner/tranches-de-pain-grillé-au-froment-x-24/id1/484/100045"><img src="http://www.refonte.auchandirect.fr/static/images/products/line/100045.jpg" alt="" class="produit "/></a><div class="picto"><span class="invisible"></span></div><div class="boutons-produit"><a id="addProductToBasket_310" onclick="javascript:Tapestry.waitForPage(event);" title="Ajouter au panier" class="bt-produit-ajout-panier" href="http://www.refonte.auchandirect.fr/rayon.productgridorlist.productlist_1.thumbnailproduct_0.addproducttobasket/100045?t:ac=484">Ajouter au panier</a><a id="addProductToShoppingList_457" onclick="javascript:Tapestry.waitForPage(event);" title="Ajouter à ma liste" class="bt-produit-ajout-liste" href="http://www.refonte.auchandirect.fr/rayon.productgridorlist.productlist_1.thumbnailproduct_0.addproducttoshoppinglist/100045?t:ac=484">Ajouter à ma liste</a></div><div class="infos-produit-1"><div class="prix-actuel"><span>2.11€</span></div></div><div class="infos-produit-2"><a title="Voir le produit" href="http://www.refonte.auchandirect.fr/petit-déjeuner-epicerie-sucrée/petit-déjeuner/tranches-de-pain-grillé-au-froment-x-24/id1/484/100045"><h2>LU</h2><h4>Tranches de pain grillé au froment x 24</h4><h4>Pelletier</h4><p>
500 g
<br/>
4.22€/kg
</p></a></div><div class="mini_picto_bas"><img src="http://www.refonte.auchandirect.fr/static/images/DLC-garantie-30j_small.jpg"/></div></div></div></td></tr><tr><td><!-- PL : ici --><div class="bloc-produit "><div class="bloc-produit-content"><a title="Voir le produit" href="http://www.refonte.auchandirect.fr/petit-déjeuner-epicerie-sucrée/petit-déjeuner/pain-grillé-farine-de-blé-complet/id1/484/25053"><img src="http://www.refonte.auchandirect.fr/static/images/products/line/25053.jpg" alt="" class="produit "/></a><div class="picto"><span class="invisible"></span></div><div class="boutons-produit"><a id="addProductToBasket_311" onclick="javascript:Tapestry.waitForPage(event);" title="Ajouter au panier" class="bt-produit-ajout-panier" href="http://www.refonte.auchandirect.fr/rayon.productgridorlist.productlist_1.thumbnailproduct_0.addproducttobasket/25053?t:ac=484">Ajouter au panier</a><a id="addProductToShoppingList_458" onclick="javascript:Tapestry.waitForPage(event);" title="Ajouter à ma liste" class="bt-produit-ajout-liste" href="http://www.refonte.auchandirect.fr/rayon.productgridorlist.productlist_1.thumbnailproduct_0.addproducttoshoppinglist/25053?t:ac=484">Ajouter à ma liste</a></div><div class="infos-produit-1"><div class="prix-actuel"><span>2.59€</span></div></div><div class="infos-produit-2"><a title="Voir le produit" href="http://www.refonte.auchandirect.fr/petit-déjeuner-epicerie-sucrée/petit-déjeuner/pain-grillé-farine-de-blé-complet/id1/484/25053"><h2>LU</h2><h4>Pain grillé farine de blé complet</h4><h4>Pelletier</h4><p>
500 g
<br/>
5.18€/kg
</p></a></div><div class="mini_picto_bas"><img src="http://www.refonte.auchandirect.fr/static/images/DLC-garantie-30j_small.jpg"/></div></div></div></td><td><!-- PL : ici --><div class="bloc-produit "><div class="bloc-produit-content"><a title="Voir le produit" href="http://www.refonte.auchandirect.fr/petit-déjeuner-epicerie-sucrée/petit-déjeuner/toasts-briochés-x-13/id1/484/100047"><img src="http://www.refonte.auchandirect.fr/static/images/products/line/100047.jpg" alt="" class="produit "/></a><div class="picto"><span class="invisible"></span></div><div class="boutons-produit"><a id="addProductToBasket_312" onclick="javascript:Tapestry.waitForPage(event);" title="Ajouter au panier" class="bt-produit-ajout-panier" href="http://www.refonte.auchandirect.fr/rayon.productgridorlist.productlist_1.thumbnailproduct_0.addproducttobasket/100047?t:ac=484">Ajouter au panier</a><a id="addProductToShoppingList_459" onclick="javascript:Tapestry.waitForPage(event);" title="Ajouter à ma liste" class="bt-produit-ajout-liste" href="http://www.refonte.auchandirect.fr/rayon.productgridorlist.productlist_1.thumbnailproduct_0.addproducttoshoppinglist/100047?t:ac=484">Ajouter à ma liste</a></div><div class="infos-produit-1"><div class="prix-actuel"><span>1.47€</span></div></div><div class="infos-produit-2"><a title="Voir le produit" href="http://www.refonte.auchandirect.fr/petit-déjeuner-epicerie-sucrée/petit-déjeuner/toasts-briochés-x-13/id1/484/100047"><h2>LU</h2><h4>Toasts briochés x 13</h4><h4>Pelletier</h4><p>
150 g
<br/>
9.80€/kg
</p></a></div><div class="mini_picto_bas"><img src="http://www.refonte.auchandirect.fr/static/images/DLC-garantie-30j_small.jpg"/></div></div></div></td><td><!-- PL : ici --><div class="bloc-produit "><div class="bloc-produit-content"><a title="Voir le produit" href="http://www.refonte.auchandirect.fr/petit-déjeuner-epicerie-sucrée/petit-déjeuner/toasts-briochés-aux-raisins-x-13/id1/484/100048"><img src="http://www.refonte.auchandirect.fr/static/images/products/line/100048.jpg" alt="" class="produit "/></a><div class="picto"><span class="invisible"></span></div><div class="boutons-produit"><a id="addProductToBasket_313" onclick="javascript:Tapestry.waitForPage(event);" title="Ajouter au panier" class="bt-produit-ajout-panier" href="http://www.refonte.auchandirect.fr/rayon.productgridorlist.productlist_1.thumbnailproduct_0.addproducttobasket/100048?t:ac=484">Ajouter au panier</a><a id="addProductToShoppingList_460" onclick="javascript:Tapestry.waitForPage(event);" title="Ajouter à ma liste" class="bt-produit-ajout-liste" href="http://www.refonte.auchandirect.fr/rayon.productgridorlist.productlist_1.thumbnailproduct_0.addproducttoshoppinglist/100048?t:ac=484">Ajouter à ma liste</a></div><div class="infos-produit-1"><div class="prix-actuel"><span>1.65€</span></div></div><div class="infos-produit-2"><a title="Voir le produit" href="http://www.refonte.auchandirect.fr/petit-déjeuner-epicerie-sucrée/petit-déjeuner/toasts-briochés-aux-raisins-x-13/id1/484/100048"><h2>LU</h2><h4>Toasts briochés aux raisins x 13</h4><h4>Pelletier</h4><p>
175 g
<br/>
9.43€/kg
</p></a></div><div class="mini_picto_bas"><img src="http://www.refonte.auchandirect.fr/static/images/DLC-garantie-30j_small.jpg"/></div></div></div></td></tr><tr><td><!-- PL : ici --><div class="bloc-produit "><div class="bloc-produit-content"><a title="Voir le produit" href="http://www.refonte.auchandirect.fr/petit-déjeuner-epicerie-sucrée/petit-déjeuner/préparation-cuite-au-chaudron/id1/484/89105"><img src="http://www.refonte.auchandirect.fr/static/images/products/line/89105.jpg" alt="" class="produit "/></a><div class="picto"><span class="invisible"></span></div><div class="boutons-produit"><a id="addProductToBasket_314" onclick="javascript:Tapestry.waitForPage(event);" title="Ajouter au panier" class="bt-produit-ajout-panier" href="http://www.refonte.auchandirect.fr/rayon.productgridorlist.productlist_1.thumbnailproduct_0.addproducttobasket/89105?t:ac=484">Ajouter au panier</a><a id="addProductToShoppingList_461" onclick="javascript:Tapestry.waitForPage(event);" title="Ajouter à ma liste" class="bt-produit-ajout-liste" href="http://www.refonte.auchandirect.fr/rayon.productgridorlist.productlist_1.thumbnailproduct_0.addproducttoshoppinglist/89105?t:ac=484">Ajouter à ma liste</a></div><div class="infos-produit-1"><div class="prix-actuel"><span>1.65€</span></div></div><div class="infos-produit-2"><a title="Voir le produit" href="http://www.refonte.auchandirect.fr/petit-déjeuner-epicerie-sucrée/petit-déjeuner/préparation-cuite-au-chaudron/id1/484/89105"><h2>LUCIEN GEORGELIN</h2><h4>Préparation cuite au chaudron</h4><h4>Abricot</h4><p>
320 g
<br/>
5.16€/kg
</p></a></div><div class="mini_picto_bas"></div></div></div></td><td><!-- PL : ici --><div class="bloc-produit "><div class="bloc-produit-content"><a title="Voir le produit" href="http://www.refonte.auchandirect.fr/petit-déjeuner-epicerie-sucrée/petit-déjeuner/préparation-cuite-au-chaudron/id1/484/89120"><img src="http://www.refonte.auchandirect.fr/static/images/products/line/89120.jpg" alt="" class="produit "/></a><div class="picto"><span class="invisible"></span></div><div class="boutons-produit"><a id="addProductToBasket_315" onclick="javascript:Tapestry.waitForPage(event);" title="Ajouter au panier" class="bt-produit-ajout-panier" href="http://www.refonte.auchandirect.fr/rayon.productgridorlist.productlist_1.thumbnailproduct_0.addproducttobasket/89120?t:ac=484">Ajouter au panier</a><a id="addProductToShoppingList_462" onclick="javascript:Tapestry.waitForPage(event);" title="Ajouter à ma liste" class="bt-produit-ajout-liste" href="http://www.refonte.auchandirect.fr/rayon.productgridorlist.productlist_1.thumbnailproduct_0.addproducttoshoppinglist/89120?t:ac=484">Ajouter à ma liste</a></div><div class="infos-produit-1"><div class="prix-actuel"><span>1.89€</span></div></div><div class="infos-produit-2"><a title="Voir le produit" href="http://www.refonte.auchandirect.fr/petit-déjeuner-epicerie-sucrée/petit-déjeuner/préparation-cuite-au-chaudron/id1/484/89120"><h2>LUCIEN GEORGELIN</h2><h4>Préparation cuite au chaudron</h4><h4>Fraise</h4><p>
320 g
<br/>
5.91€/kg
</p></a></div><div class="mini_picto_bas"></div></div></div></td><td><!-- PL : ici --><div class="bloc-produit "><div class="bloc-produit-content"><a title="Voir le produit" href="http://www.refonte.auchandirect.fr/petit-déjeuner-epicerie-sucrée/petit-déjeuner/préparation-cuite-au-chaudron/id1/484/89121"><img src="http://www.refonte.auchandirect.fr/static/images/products/line/89121.jpg" alt="" class="produit "/></a><div class="picto"><span class="invisible"></span></div><div class="boutons-produit"><a id="addProductToBasket_316" onclick="javascript:Tapestry.waitForPage(event);" title="Ajouter au panier" class="bt-produit-ajout-panier" href="http://www.refonte.auchandirect.fr/rayon.productgridorlist.productlist_1.thumbnailproduct_0.addproducttobasket/89121?t:ac=484">Ajouter au panier</a><a id="addProductToShoppingList_463" onclick="javascript:Tapestry.waitForPage(event);" title="Ajouter à ma liste" class="bt-produit-ajout-liste" href="http://www.refonte.auchandirect.fr/rayon.productgridorlist.productlist_1.thumbnailproduct_0.addproducttoshoppinglist/89121?t:ac=484">Ajouter à ma liste</a></div><div class="infos-produit-1"><div class="prix-actuel"><span>2.13€</span></div></div><div class="infos-produit-2"><a title="Voir le produit" href="http://www.refonte.auchandirect.fr/petit-déjeuner-epicerie-sucrée/petit-déjeuner/préparation-cuite-au-chaudron/id1/484/89121"><h2>LUCIEN GEORGELIN</h2><h4>Préparation cuite au chaudron</h4><h4>Myrtille</h4><p>
320 g
<br/>
6.66€/kg
</p></a></div><div class="mini_picto_bas"></div></div></div></td></tr><tr><td><!-- PL : ici --><div class="bloc-produit "><div class="bloc-produit-content"><a title="Voir le produit" href="http://www.refonte.auchandirect.fr/petit-déjeuner-epicerie-sucrée/petit-déjeuner/préparation-cuite-au-chaudron/id1/484/89122"><img src="http://www.refonte.auchandirect.fr/static/images/products/line/89122.jpg" alt="" class="produit "/></a><div class="picto"><span class="invisible"></span></div><div class="boutons-produit"><a id="addProductToBasket_317" onclick="javascript:Tapestry.waitForPage(event);" title="Ajouter au panier" class="bt-produit-ajout-panier" href="http://www.refonte.auchandirect.fr/rayon.productgridorlist.productlist_1.thumbnailproduct_0.addproducttobasket/89122?t:ac=484">Ajouter au panier</a><a id="addProductToShoppingList_464" onclick="javascript:Tapestry.waitForPage(event);" title="Ajouter à ma liste" class="bt-produit-ajout-liste" href="http://www.refonte.auchandirect.fr/rayon.productgridorlist.productlist_1.thumbnailproduct_0.addproducttoshoppinglist/89122?t:ac=484">Ajouter à ma liste</a></div><div class="infos-produit-1"><div class="prix-actuel"><span>1.83€</span></div></div><div class="infos-produit-2"><a title="Voir le produit" href="http://www.refonte.auchandirect.fr/petit-déjeuner-epicerie-sucrée/petit-déjeuner/préparation-cuite-au-chaudron/id1/484/89122"><h2>LUCIEN GEORGELIN</h2><h4>Préparation cuite au chaudron</h4><h4>Mûre</h4><p>
320 g
<br/>
5.72€/kg
</p></a></div><div class="mini_picto_bas"></div></div></div></td><td><!-- PL : ici --><div class="bloc-produit "><div class="bloc-produit-content"><a title="Voir le produit" href="http://www.refonte.auchandirect.fr/petit-déjeuner-epicerie-sucrée/petit-déjeuner/miel-liquide/id1/484/100830"><img src="http://www.refonte.auchandirect.fr/static/images/products/line/100830.jpg" alt="" class="produit "/></a><div class="picto"><span class="invisible"></span></div><div class="boutons-produit"><a id="addProductToBasket_318" onclick="javascript:Tapestry.waitForPage(event);" title="Ajouter au panier" class="bt-produit-ajout-panier" href="http://www.refonte.auchandirect.fr/rayon.productgridorlist.productlist_1.thumbnailproduct_0.addproducttobasket/100830?t:ac=484">Ajouter au panier</a><a id="addProductToShoppingList_465" onclick="javascript:Tapestry.waitForPage(event);" title="Ajouter à ma liste" class="bt-produit-ajout-liste" href="http://www.refonte.auchandirect.fr/rayon.productgridorlist.productlist_1.thumbnailproduct_0.addproducttoshoppinglist/100830?t:ac=484">Ajouter à ma liste</a></div><div class="infos-produit-1"><div class="prix-actuel"><span>2.95€</span></div></div><div class="infos-produit-2"><a title="Voir le produit" href="http://www.refonte.auchandirect.fr/petit-déjeuner-epicerie-sucrée/petit-déjeuner/miel-liquide/id1/484/100830"><h2>LUNE DE MIEL</h2><h4>Miel liquide</h4><h4>Tartimiel</h4><p>
250 g
<br/>
11.80€/kg
</p></a></div><div class="mini_picto_bas"><img src="http://www.refonte.auchandirect.fr/static/images/DLC-garantie-30j_small.jpg"/></div></div></div></td><td><!-- PL : ici --><div class="bloc-produit "><div class="bloc-produit-content"><a title="Voir le produit" href="http://www.refonte.auchandirect.fr/petit-déjeuner-epicerie-sucrée/petit-déjeuner/doypack-de-miel-de-fleurs/id1/484/59986"><img src="http://www.refonte.auchandirect.fr/static/images/products/line/59986.jpg" alt="" class="produit "/></a><div class="picto"><span class="invisible"></span></div><div class="boutons-produit"><a id="addProductToBasket_319" onclick="javascript:Tapestry.waitForPage(event);" title="Ajouter au panier" class="bt-produit-ajout-panier" href="http://www.refonte.auchandirect.fr/rayon.productgridorlist.productlist_1.thumbnailproduct_0.addproducttobasket/59986?t:ac=484">Ajouter au panier</a><a id="addProductToShoppingList_466" onclick="javascript:Tapestry.waitForPage(event);" title="Ajouter à ma liste" class="bt-produit-ajout-liste" href="http://www.refonte.auchandirect.fr/rayon.productgridorlist.productlist_1.thumbnailproduct_0.addproducttoshoppinglist/59986?t:ac=484">Ajouter à ma liste</a></div><div class="infos-produit-1"><div class="prix-actuel"><span>3.40€</span></div></div><div class="infos-produit-2"><a title="Voir le produit" href="http://www.refonte.auchandirect.fr/petit-déjeuner-epicerie-sucrée/petit-déjeuner/doypack-de-miel-de-fleurs/id1/484/59986"><h2>LUNE DE MIEL</h2><h4>Doypack de miel de fleurs</h4><h4></h4><p>
450 g
<br/>
7.56€/kg
</p></a></div><div class="mini_picto_bas"><img src="http://www.refonte.auchandirect.fr/static/images/DLC-garantie-30j_small.jpg"/></div></div></div></td></tr><tr><td><!-- PL : ici --><div class="bloc-produit "><div class="bloc-produit-content"><a title="Voir le produit" href="http://www.refonte.auchandirect.fr/petit-déjeuner-epicerie-sucrée/petit-déjeuner/miel-crémeux/id1/484/8402"><img src="http://www.refonte.auchandirect.fr/static/images/products/line/8402.jpg" alt="" class="produit "/></a><div class="picto"><span class="invisible"></span></div><div class="boutons-produit"><a id="addProductToBasket_320" onclick="javascript:Tapestry.waitForPage(event);" title="Ajouter au panier" class="bt-produit-ajout-panier" href="http://www.refonte.auchandirect.fr/rayon.productgridorlist.productlist_1.thumbnailproduct_0.addproducttobasket/8402?t:ac=484">Ajouter au panier</a><a id="addProductToShoppingList_467" onclick="javascript:Tapestry.waitForPage(event);" title="Ajouter à ma liste" class="bt-produit-ajout-liste" href="http://www.refonte.auchandirect.fr/rayon.productgridorlist.productlist_1.thumbnailproduct_0.addproducttoshoppinglist/8402?t:ac=484">Ajouter à ma liste</a></div><div class="infos-produit-1"><div class="prix-actuel"><span>5.59€</span></div></div><div class="infos-produit-2"><a title="Voir le produit" href="http://www.refonte.auchandirect.fr/petit-déjeuner-epicerie-sucrée/petit-déjeuner/miel-crémeux/id1/484/8402"><h2>LUNE DE MIEL</h2><h4>Miel crémeux</h4><h4>Terroirs préservés</h4><p>
375 g
<br/>
14.91€/kg
</p></a></div><div class="mini_picto_bas"><img src="http://www.refonte.auchandirect.fr/static/images/DLC-garantie-30j_small.jpg"/></div></div></div></td><td><!-- PL : ici --><div class="bloc-produit  bientot-dispo"><div class="bloc-produit-content"><a title="Voir le produit" href="http://www.refonte.auchandirect.fr/petit-déjeuner-epicerie-sucrée/petit-déjeuner/miel-de-fleurs-liquide/id1/484/20421"><img src="http://www.refonte.auchandirect.fr/static/images/products/line/20421.jpg" alt="" class="produit "/></a><div class="picto"><span class="invisible"></span></div><div class="boutons-produit"><a class="bt-produit-ajout-panier disable" title="Bientôt disponible" href="javascript:void(0)">Bientôt disponible</a><a id="addProductToShoppingList_468" onclick="javascript:Tapestry.waitForPage(event);" title="Ajouter à ma liste" class="bt-produit-ajout-liste" href="http://www.refonte.auchandirect.fr/rayon.productgridorlist.productlist_1.thumbnailproduct_0.addproducttoshoppinglist/20421?t:ac=484">Ajouter à ma liste</a></div><div class="infos-produit-1"><div class="prix-actuel"><span>4.45€</span></div></div><div class="infos-produit-2"><a title="Voir le produit" href="http://www.refonte.auchandirect.fr/petit-déjeuner-epicerie-sucrée/petit-déjeuner/miel-de-fleurs-liquide/id1/484/20421"><h2>LUNE DE MIEL</h2><h4>Miel de fleurs liquide</h4><h4></h4><p>
500  g
<br/>
8.90€/kg
</p></a></div><div class="mini_picto_bas"><img src="http://www.refonte.auchandirect.fr/static/images/DLC-garantie-30j_small.jpg"/></div></div></div></td><td><!-- PL : ici --><div class="bloc-produit "><div class="bloc-produit-content"><a title="Voir le produit" href="http://www.refonte.auchandirect.fr/petit-déjeuner-epicerie-sucrée/petit-déjeuner/miel-fruité-et-fleuri/id1/484/70574"><img src="http://www.refonte.auchandirect.fr/static/images/products/line/70574.jpg" alt="" class="produit "/></a><div class="picto"><span class="invisible"></span></div><div class="boutons-produit"><a id="addProductToBasket_321" onclick="javascript:Tapestry.waitForPage(event);" title="Ajouter au panier" class="bt-produit-ajout-panier" href="http://www.refonte.auchandirect.fr/rayon.productgridorlist.productlist_1.thumbnailproduct_0.addproducttobasket/70574?t:ac=484">Ajouter au panier</a><a id="addProductToShoppingList_469" onclick="javascript:Tapestry.waitForPage(event);" title="Ajouter à ma liste" class="bt-produit-ajout-liste" href="http://www.refonte.auchandirect.fr/rayon.productgridorlist.productlist_1.thumbnailproduct_0.addproducttoshoppinglist/70574?t:ac=484">Ajouter à ma liste</a></div><div class="infos-produit-1"><div class="prix-actuel"><span>4.35€</span></div></div><div class="infos-produit-2"><a title="Voir le produit" href="http://www.refonte.auchandirect.fr/petit-déjeuner-epicerie-sucrée/petit-déjeuner/miel-fruité-et-fleuri/id1/484/70574"><h2>LUNE DE MIEL</h2><h4>Miel fruité et fleuri</h4><h4></h4><p>
340 g
<br/>
12.79€/kg
</p></a></div><div class="mini_picto_bas"></div></div></div></td></tr><tr><td><!-- PL : ici --><div class="bloc-produit  bientot-dispo"><div class="bloc-produit-content"><a title="Voir le produit" href="http://www.refonte.auchandirect.fr/petit-déjeuner-epicerie-sucrée/petit-déjeuner/dosettes-de-café-corsé-prix-promo/id1/484/28203"><img src="http://www.refonte.auchandirect.fr/static/images/products/line/28203.jpg" alt="" class="produit "/></a><div class="picto"><span class="invisible"></span></div><div class="boutons-produit"><a class="bt-produit-ajout-panier disable" title="Bientôt disponible" href="javascript:void(0)">Bientôt disponible</a><a id="addProductToShoppingList_470" onclick="javascript:Tapestry.waitForPage(event);" title="Ajouter à ma liste" class="bt-produit-ajout-liste" href="http://www.refonte.auchandirect.fr/rayon.productgridorlist.productlist_1.thumbnailproduct_0.addproducttoshoppinglist/28203?t:ac=484">Ajouter à ma liste</a></div><div class="infos-produit-1"><div class="prix-actuel"><span>3.89€</span></div></div><div class="infos-produit-2"><a title="Voir le produit" href="http://www.refonte.auchandirect.fr/petit-déjeuner-epicerie-sucrée/petit-déjeuner/dosettes-de-café-corsé-prix-promo/id1/484/28203"><h2>MAISON DU CAFE</h2><h4>Dosettes de café corsé PRIX PROMO</h4><h4>Senseo</h4><p>
36 pièces
<br/>
14.41€/pièce
</p></a></div><div class="mini_picto_bas"></div></div></div></td><td><!-- PL : ici --><div class="bloc-produit  bientot-dispo"><div class="bloc-produit-content"><a title="Voir le produit" href="http://www.refonte.auchandirect.fr/petit-déjeuner-epicerie-sucrée/petit-déjeuner/café-moulu/id1/484/2973"><img src="http://www.refonte.auchandirect.fr/static/images/products/line/2973.jpg" alt="" class="produit "/></a><div class="picto"><span class="invisible"></span></div><div class="boutons-produit"><a class="bt-produit-ajout-panier disable" title="Bientôt disponible" href="javascript:void(0)">Bientôt disponible</a><a id="addProductToShoppingList_471" onclick="javascript:Tapestry.waitForPage(event);" title="Ajouter à ma liste" class="bt-produit-ajout-liste" href="http://www.refonte.auchandirect.fr/rayon.productgridorlist.productlist_1.thumbnailproduct_0.addproducttoshoppinglist/2973?t:ac=484">Ajouter à ma liste</a></div><div class="infos-produit-1"><div class="prix-actuel"><span>1.77€</span></div></div><div class="infos-produit-2"><a title="Voir le produit" href="http://www.refonte.auchandirect.fr/petit-déjeuner-epicerie-sucrée/petit-déjeuner/café-moulu/id1/484/2973"><h2>MAISON DU CAFE</h2><h4>Café moulu</h4><h4>Tradition</h4><p>
250 g
<br/>
7.08€/kg
</p></a></div><div class="mini_picto_bas"><img src="http://www.refonte.auchandirect.fr/static/images/DLC-garantie-30j_small.jpg"/></div></div></div></td><td><!-- PL : ici --><div class="bloc-produit "><div class="bloc-produit-content"><a title="Voir le produit" href="http://www.refonte.auchandirect.fr/petit-déjeuner-epicerie-sucrée/petit-déjeuner/café-moulu-pur-arabica/id1/484/1104"><img src="http://www.refonte.auchandirect.fr/static/images/products/line/1104.jpg" alt="" class="produit "/></a><div class="picto"><span class="invisible"></span></div><div class="boutons-produit"><a id="addProductToBasket_322" onclick="javascript:Tapestry.waitForPage(event);" title="Ajouter au panier" class="bt-produit-ajout-panier" href="http://www.refonte.auchandirect.fr/rayon.productgridorlist.productlist_1.thumbnailproduct_0.addproducttobasket/1104?t:ac=484">Ajouter au panier</a><a id="addProductToShoppingList_472" onclick="javascript:Tapestry.waitForPage(event);" title="Ajouter à ma liste" class="bt-produit-ajout-liste" href="http://www.refonte.auchandirect.fr/rayon.productgridorlist.productlist_1.thumbnailproduct_0.addproducttoshoppinglist/1104?t:ac=484">Ajouter à ma liste</a></div><div class="infos-produit-1"><div class="prix-actuel"><span>3.70€</span></div></div><div class="infos-produit-2"><a title="Voir le produit" href="http://www.refonte.auchandirect.fr/petit-déjeuner-epicerie-sucrée/petit-déjeuner/café-moulu-pur-arabica/id1/484/1104"><h2>MAISON DU CAFE</h2><h4>Café moulu pur arabica</h4><h4>L'or absolu</h4><p>
250 g
<br/>
14.80€/kg
</p></a></div><div class="mini_picto_bas"><img src="http://www.refonte.auchandirect.fr/static/images/DLC-garantie-30j_small.jpg"/></div></div></div></td></tr><tr><td><!-- PL : ici --><div class="bloc-produit "><div class="bloc-produit-content"><a title="Voir le produit" href="http://www.refonte.auchandirect.fr/petit-déjeuner-epicerie-sucrée/petit-déjeuner/café-moulu-pur-arabica/id1/484/37582"><img src="http://www.refonte.auchandirect.fr/static/images/products/line/37582.jpg" alt="" class="produit "/></a><div class="picto"><span class="invisible"></span></div><div class="boutons-produit"><a id="addProductToBasket_323" onclick="javascript:Tapestry.waitForPage(event);" title="Ajouter au panier" class="bt-produit-ajout-panier" href="http://www.refonte.auchandirect.fr/rayon.productgridorlist.productlist_1.thumbnailproduct_0.addproducttobasket/37582?t:ac=484">Ajouter au panier</a><a id="addProductToShoppingList_473" onclick="javascript:Tapestry.waitForPage(event);" title="Ajouter à ma liste" class="bt-produit-ajout-liste" href="http://www.refonte.auchandirect.fr/rayon.productgridorlist.productlist_1.thumbnailproduct_0.addproducttoshoppinglist/37582?t:ac=484">Ajouter à ma liste</a></div><div class="infos-produit-1"><div class="prix-actuel"><span>3.40€</span></div></div><div class="infos-produit-2"><a title="Voir le produit" href="http://www.refonte.auchandirect.fr/petit-déjeuner-epicerie-sucrée/petit-déjeuner/café-moulu-pur-arabica/id1/484/37582"><h2>MAISON DU CAFE</h2><h4>Café moulu pur arabica</h4><h4>L'Or Intense</h4><p>
250 g
<br/>
13.60€/kg
</p></a></div><div class="mini_picto_bas"><img src="http://www.refonte.auchandirect.fr/static/images/DLC-garantie-30j_small.jpg"/></div></div></div></td><td><!-- PL : ici --><div class="bloc-produit "><div class="bloc-produit-content"><a title="Voir le produit" href="http://www.refonte.auchandirect.fr/petit-déjeuner-epicerie-sucrée/petit-déjeuner/café-moulu-pur-arabica/id1/484/100422"><img src="http://www.refonte.auchandirect.fr/static/images/products/line/100422.jpg" alt="" class="produit "/></a><div class="picto"><span class="invisible"></span></div><div class="boutons-produit"><a id="addProductToBasket_324" onclick="javascript:Tapestry.waitForPage(event);" title="Ajouter au panier" class="bt-produit-ajout-panier" href="http://www.refonte.auchandirect.fr/rayon.productgridorlist.productlist_1.thumbnailproduct_0.addproducttobasket/100422?t:ac=484">Ajouter au panier</a><a id="addProductToShoppingList_474" onclick="javascript:Tapestry.waitForPage(event);" title="Ajouter à ma liste" class="bt-produit-ajout-liste" href="http://www.refonte.auchandirect.fr/rayon.productgridorlist.productlist_1.thumbnailproduct_0.addproducttoshoppinglist/100422?t:ac=484">Ajouter à ma liste</a></div><div class="infos-produit-1"><div class="prix-actuel"><span>5.90€</span></div></div><div class="infos-produit-2"><a title="Voir le produit" href="http://www.refonte.auchandirect.fr/petit-déjeuner-epicerie-sucrée/petit-déjeuner/café-moulu-pur-arabica/id1/484/100422"><h2>MAISON DU CAFE</h2><h4>Café moulu pur arabica</h4><h4>L'Or Intense</h4><p>
2 x 250 g
<br/>
11.80€/kg
</p></a></div><div class="mini_picto_bas"><img src="http://www.refonte.auchandirect.fr/static/images/DLC-garantie-30j_small.jpg"/></div></div></div></td><td><!-- PL : ici --><div class="bloc-produit "><div class="bloc-produit-content"><a title="Voir le produit" href="http://www.refonte.auchandirect.fr/bio-ecolo/epicerie-bio/café-arabica-bio-équitable/id1/458/59458"><img src="http://www.refonte.auchandirect.fr/static/images/products/line/59458.jpg" alt="" class="produit "/></a><div class="picto"><span class="invisible"></span></div><div class="boutons-produit"><a id="addProductToBasket_325" onclick="javascript:Tapestry.waitForPage(event);" title="Ajouter au panier" class="bt-produit-ajout-panier" href="http://www.refonte.auchandirect.fr/rayon.productgridorlist.productlist_1.thumbnailproduct_0.addproducttobasket/59458?t:ac=484">Ajouter au panier</a><a id="addProductToShoppingList_475" onclick="javascript:Tapestry.waitForPage(event);" title="Ajouter à ma liste" class="bt-produit-ajout-liste" href="http://www.refonte.auchandirect.fr/rayon.productgridorlist.productlist_1.thumbnailproduct_0.addproducttoshoppinglist/59458?t:ac=484">Ajouter à ma liste</a></div><div class="infos-produit-1"><div class="prix-actuel"><span>3.47€</span></div></div><div class="infos-produit-2"><a title="Voir le produit" href="http://www.refonte.auchandirect.fr/bio-ecolo/epicerie-bio/café-arabica-bio-équitable/id1/458/59458"><h2>MALONGO</h2><h4>Café arabica bio équitable</h4><h4>La Tierra</h4><p>
250 g
<br/>
13.88€/kg
</p></a></div><div class="mini_picto_bas"><img src="http://www.refonte.auchandirect.fr/static/images/DLC-garantie-30j_small.jpg"/><img src="http://www.refonte.auchandirect.fr/static/images/AB_small.jpg"/></div></div></div></td></tr><tr><td><!-- PL : ici --><div class="bloc-produit "><div class="bloc-produit-content"><a title="Voir le produit" href="http://www.refonte.auchandirect.fr/bio-ecolo/epicerie-bio/café-arabica-décaféiné-max-havelaar-bio/id1/458/61000"><img src="http://www.refonte.auchandirect.fr/static/images/products/line/61000.jpg" alt="" class="produit "/></a><div class="picto"><span class="invisible"></span></div><div class="boutons-produit"><a id="addProductToBasket_326" onclick="javascript:Tapestry.waitForPage(event);" title="Ajouter au panier" class="bt-produit-ajout-panier" href="http://www.refonte.auchandirect.fr/rayon.productgridorlist.productlist_1.thumbnailproduct_0.addproducttobasket/61000?t:ac=484">Ajouter au panier</a><a id="addProductToShoppingList_476" onclick="javascript:Tapestry.waitForPage(event);" title="Ajouter à ma liste" class="bt-produit-ajout-liste" href="http://www.refonte.auchandirect.fr/rayon.productgridorlist.productlist_1.thumbnailproduct_0.addproducttoshoppinglist/61000?t:ac=484">Ajouter à ma liste</a></div><div class="infos-produit-1"><div class="prix-actuel"><span>4.32€</span></div></div><div class="infos-produit-2"><a title="Voir le produit" href="http://www.refonte.auchandirect.fr/bio-ecolo/epicerie-bio/café-arabica-décaféiné-max-havelaar-bio/id1/458/61000"><h2>MALONGO</h2><h4>Café arabica décaféiné Max Havelaar bio</h4><h4>Déca aqua</h4><p>
250 g
<br/>
17.28€/kg
</p></a></div><div class="mini_picto_bas"><img src="http://www.refonte.auchandirect.fr/static/images/AB_small.jpg"/></div></div></div></td><td><!-- PL : ici --><div class="bloc-produit "><div class="bloc-produit-content"><a title="Voir le produit" href="http://www.refonte.auchandirect.fr/bio-ecolo/epicerie-bio/café-moulu-pur-arabica/id1/458/16940"><img src="http://www.refonte.auchandirect.fr/static/images/products/line/16940.jpg" alt="" class="produit "/></a><div class="picto"><span class="invisible"></span></div><div class="boutons-produit"><a id="addProductToBasket_327" onclick="javascript:Tapestry.waitForPage(event);" title="Ajouter au panier" class="bt-produit-ajout-panier" href="http://www.refonte.auchandirect.fr/rayon.productgridorlist.productlist_1.thumbnailproduct_0.addproducttobasket/16940?t:ac=484">Ajouter au panier</a><a id="addProductToShoppingList_477" onclick="javascript:Tapestry.waitForPage(event);" title="Ajouter à ma liste" class="bt-produit-ajout-liste" href="http://www.refonte.auchandirect.fr/rayon.productgridorlist.productlist_1.thumbnailproduct_0.addproducttoshoppinglist/16940?t:ac=484">Ajouter à ma liste</a></div><div class="infos-produit-1"><div class="prix-actuel"><span>3.57€</span></div></div><div class="infos-produit-2"><a title="Voir le produit" href="http://www.refonte.auchandirect.fr/bio-ecolo/epicerie-bio/café-moulu-pur-arabica/id1/458/16940"><h2>MALONGO</h2><h4>Café moulu pur arabica</h4><h4>Max Havelaar</h4><p>
250 g
<br/>
14.28€/kg
</p></a></div><div class="mini_picto_bas"><img src="http://www.refonte.auchandirect.fr/static/images/max-havelaar_small.jpg"/></div></div></div></td><td><!-- PL : ici --><div class="bloc-produit "><div class="bloc-produit-content"><a title="Voir le produit" href="http://www.refonte.auchandirect.fr/petit-déjeuner-epicerie-sucrée/petit-déjeuner/dosettes-de-café-x-12/id1/484/48113"><img src="http://www.refonte.auchandirect.fr/static/images/products/line/48113.jpg" alt="" class="produit "/></a><div class="picto"><span class="invisible"></span></div><div class="boutons-produit"><a id="addProductToBasket_328" onclick="javascript:Tapestry.waitForPage(event);" title="Ajouter au panier" class="bt-produit-ajout-panier" href="http://www.refonte.auchandirect.fr/rayon.productgridorlist.productlist_1.thumbnailproduct_0.addproducttobasket/48113?t:ac=484">Ajouter au panier</a><a id="addProductToShoppingList_478" onclick="javascript:Tapestry.waitForPage(event);" title="Ajouter à ma liste" class="bt-produit-ajout-liste" href="http://www.refonte.auchandirect.fr/rayon.productgridorlist.productlist_1.thumbnailproduct_0.addproducttoshoppinglist/48113?t:ac=484">Ajouter à ma liste</a></div><div class="infos-produit-1"><div class="prix-actuel"><span>3.19€</span></div></div><div class="infos-produit-2"><a title="Voir le produit" href="http://www.refonte.auchandirect.fr/petit-déjeuner-epicerie-sucrée/petit-déjeuner/dosettes-de-café-x-12/id1/484/48113"><h2>MALONGO</h2><h4>Dosettes de café x 12</h4><h4>La Grande réserve</h4><p>
78 g
<br/>
40.90€/kg
</p></a></div><div class="mini_picto_bas"><img src="http://www.refonte.auchandirect.fr/static/images/DLC-garantie-30j_small.jpg"/></div></div></div></td></tr><tr><td><!-- PL : ici --><div class="bloc-produit "><div class="bloc-produit-content"><a title="Voir le produit" href="http://www.refonte.auchandirect.fr/petit-déjeuner-epicerie-sucrée/petit-déjeuner/café-pur-arabica/id1/484/37663"><img src="http://www.refonte.auchandirect.fr/static/images/products/line/37663.jpg" alt="" class="produit "/></a><div class="picto"><span class="invisible"></span></div><div class="boutons-produit"><a id="addProductToBasket_329" onclick="javascript:Tapestry.waitForPage(event);" title="Ajouter au panier" class="bt-produit-ajout-panier" href="http://www.refonte.auchandirect.fr/rayon.productgridorlist.productlist_1.thumbnailproduct_0.addproducttobasket/37663?t:ac=484">Ajouter au panier</a><a id="addProductToShoppingList_479" onclick="javascript:Tapestry.waitForPage(event);" title="Ajouter à ma liste" class="bt-produit-ajout-liste" href="http://www.refonte.auchandirect.fr/rayon.productgridorlist.productlist_1.thumbnailproduct_0.addproducttoshoppinglist/37663?t:ac=484">Ajouter à ma liste</a></div><div class="infos-produit-1"><div class="prix-actuel"><span>3.67€</span></div></div><div class="infos-produit-2"><a title="Voir le produit" href="http://www.refonte.auchandirect.fr/petit-déjeuner-epicerie-sucrée/petit-déjeuner/café-pur-arabica/id1/484/37663"><h2>MALONGO</h2><h4>Café pur arabica</h4><h4>Goût Italien</h4><p>
250 g
<br/>
14.68€/kg
</p></a></div><div class="mini_picto_bas"><img src="http://www.refonte.auchandirect.fr/static/images/DLC-garantie-30j_small.jpg"/></div></div></div></td><td><!-- PL : ici --><div class="bloc-produit "><div class="bloc-produit-content"><a title="Voir le produit" href="http://www.refonte.auchandirect.fr/petit-déjeuner-epicerie-sucrée/petit-déjeuner/sirop-d'érable/id1/484/2589"><img src="http://www.refonte.auchandirect.fr/static/images/products/line/2589.jpg" alt="" class="produit "/></a><div class="picto"><span class="invisible"></span></div><div class="boutons-produit"><a id="addProductToBasket_330" onclick="javascript:Tapestry.waitForPage(event);" title="Ajouter au panier" class="bt-produit-ajout-panier" href="http://www.refonte.auchandirect.fr/rayon.productgridorlist.productlist_1.thumbnailproduct_0.addproducttobasket/2589?t:ac=484">Ajouter au panier</a><a id="addProductToShoppingList_480" onclick="javascript:Tapestry.waitForPage(event);" title="Ajouter à ma liste" class="bt-produit-ajout-liste" href="http://www.refonte.auchandirect.fr/rayon.productgridorlist.productlist_1.thumbnailproduct_0.addproducttoshoppinglist/2589?t:ac=484">Ajouter à ma liste</a></div><div class="infos-produit-1"><div class="prix-actuel"><span>4.60€</span></div></div><div class="infos-produit-2"><a title="Voir le produit" href="http://www.refonte.auchandirect.fr/petit-déjeuner-epicerie-sucrée/petit-déjeuner/sirop-d'érable/id1/484/2589"><h2>MAPPLE JOE</h2><h4>Sirop d'érable</h4><h4></h4><p>
250 g
<br/>
18.40€/kg
</p></a></div><div class="mini_picto_bas"><img src="http://www.refonte.auchandirect.fr/static/images/DLC-garantie-30j_small.jpg"/></div></div></div></td><td><!-- PL : ici --><div class="bloc-produit "><div class="bloc-produit-content"><a title="Voir le produit" href="http://www.refonte.auchandirect.fr/petit-déjeuner-epicerie-sucrée/petit-déjeuner/lait-frais-demi-écrémé/id1/484/38426"><img src="http://www.refonte.auchandirect.fr/static/images/products/line/38426.jpg" alt="" class="produit "/></a><div class="picto"><span class="invisible"></span></div><div class="boutons-produit"><a id="addProductToBasket_331" onclick="javascript:Tapestry.waitForPage(event);" title="Ajouter au panier" class="bt-produit-ajout-panier" href="http://www.refonte.auchandirect.fr/rayon.productgridorlist.productlist_1.thumbnailproduct_0.addproducttobasket/38426?t:ac=484">Ajouter au panier</a><a id="addProductToShoppingList_481" onclick="javascript:Tapestry.waitForPage(event);" title="Ajouter à ma liste" class="bt-produit-ajout-liste" href="http://www.refonte.auchandirect.fr/rayon.productgridorlist.productlist_1.thumbnailproduct_0.addproducttoshoppinglist/38426?t:ac=484">Ajouter à ma liste</a></div><div class="infos-produit-1"><div class="prix-actuel"><span>1.53€</span></div></div><div class="infos-produit-2"><a title="Voir le produit" href="http://www.refonte.auchandirect.fr/petit-déjeuner-epicerie-sucrée/petit-déjeuner/lait-frais-demi-écrémé/id1/484/38426"><h2>MARGUERITE</h2><h4>Lait frais demi écrémé</h4><h4></h4><p>
1 l
<br/>
1.53€/l
</p></a></div><div class="mini_picto_bas"><img alt="frais" src="http://www.refonte.auchandirect.fr/static/images/frais_small.jpg"/><img src="http://www.refonte.auchandirect.fr/static/images/DLC-garantie-7j_small.jpg"/></div></div></div></td></tr><tr><td><!-- PL : ici --><div class="bloc-produit "><div class="bloc-produit-content"><a title="Voir le produit" href="http://www.refonte.auchandirect.fr/petit-déjeuner-epicerie-sucrée/petit-déjeuner/café-soluble-décaféiné-arabica-en-doses-individuelles/id1/484/1942"><img src="http://www.refonte.auchandirect.fr/static/images/products/line/1942.jpg" alt="" class="produit "/></a><div class="picto"><span class="invisible"></span></div><div class="boutons-produit"><a id="addProductToBasket_332" onclick="javascript:Tapestry.waitForPage(event);" title="Ajouter au panier" class="bt-produit-ajout-panier" href="http://www.refonte.auchandirect.fr/rayon.productgridorlist.productlist_1.thumbnailproduct_0.addproducttobasket/1942?t:ac=484">Ajouter au panier</a><a id="addProductToShoppingList_482" onclick="javascript:Tapestry.waitForPage(event);" title="Ajouter à ma liste" class="bt-produit-ajout-liste" href="http://www.refonte.auchandirect.fr/rayon.productgridorlist.productlist_1.thumbnailproduct_0.addproducttoshoppinglist/1942?t:ac=484">Ajouter à ma liste</a></div><div class="infos-produit-1"><div class="prix-actuel"><span>2.58€</span></div></div><div class="infos-produit-2"><a title="Voir le produit" href="http://www.refonte.auchandirect.fr/petit-déjeuner-epicerie-sucrée/petit-déjeuner/café-soluble-décaféiné-arabica-en-doses-individuelles/id1/484/1942"><h2>MAXWELL HOUSE</h2><h4>Café soluble décaféiné arabica en doses individuelles</h4><h4>Qualité filtre</h4><p>
50 g
<br/>
51.60€/kg
</p></a></div><div class="mini_picto_bas"><img src="http://www.refonte.auchandirect.fr/static/images/DLC-garantie-30j_small.jpg"/></div></div></div></td><td><!-- PL : ici --><div class="bloc-produit "><div class="bloc-produit-content"><a title="Voir le produit" href="http://www.refonte.auchandirect.fr/petit-déjeuner-epicerie-sucrée/petit-déjeuner/café-soluble-arabica/id1/484/100796"><img src="http://www.refonte.auchandirect.fr/static/images/products/line/100796.jpg" alt="" class="produit "/></a><div class="picto"><span class="invisible"></span></div><div class="boutons-produit"><a id="addProductToBasket_333" onclick="javascript:Tapestry.waitForPage(event);" title="Ajouter au panier" class="bt-produit-ajout-panier" href="http://www.refonte.auchandirect.fr/rayon.productgridorlist.productlist_1.thumbnailproduct_0.addproducttobasket/100796?t:ac=484">Ajouter au panier</a><a id="addProductToShoppingList_483" onclick="javascript:Tapestry.waitForPage(event);" title="Ajouter à ma liste" class="bt-produit-ajout-liste" href="http://www.refonte.auchandirect.fr/rayon.productgridorlist.productlist_1.thumbnailproduct_0.addproducttoshoppinglist/100796?t:ac=484">Ajouter à ma liste</a></div><div class="infos-produit-1"><div class="prix-actuel"><span>6.45€</span></div></div><div class="infos-produit-2"><a title="Voir le produit" href="http://www.refonte.auchandirect.fr/petit-déjeuner-epicerie-sucrée/petit-déjeuner/café-soluble-arabica/id1/484/100796"><h2>MAXWELL HOUSE</h2><h4>Café soluble arabica</h4><h4>Qualité filtre</h4><p>
200 g
<br/>
32.25€/kg
</p></a></div><div class="mini_picto_bas"><img src="http://www.refonte.auchandirect.fr/static/images/DLC-garantie-30j_small.jpg"/></div></div></div></td><td><!-- PL : ici --><div class="bloc-produit "><div class="bloc-produit-content"><a title="Voir le produit" href="http://www.refonte.auchandirect.fr/petit-déjeuner-epicerie-sucrée/petit-déjeuner/détartrant-multi-usages-liquide/id1/484/2408"><img src="http://www.refonte.auchandirect.fr/static/images/products/line/2408.jpg" alt="" class="produit "/></a><div class="picto"><span class="invisible"></span></div><div class="boutons-produit"><a id="addProductToBasket_334" onclick="javascript:Tapestry.waitForPage(event);" title="Ajouter au panier" class="bt-produit-ajout-panier" href="http://www.refonte.auchandirect.fr/rayon.productgridorlist.productlist_1.thumbnailproduct_0.addproducttobasket/2408?t:ac=484">Ajouter au panier</a><a id="addProductToShoppingList_484" onclick="javascript:Tapestry.waitForPage(event);" title="Ajouter à ma liste" class="bt-produit-ajout-liste" href="http://www.refonte.auchandirect.fr/rayon.productgridorlist.productlist_1.thumbnailproduct_0.addproducttoshoppinglist/2408?t:ac=484">Ajouter à ma liste</a></div><div class="infos-produit-1"><div class="prix-actuel"><span>4.56€</span></div></div><div class="infos-produit-2"><a title="Voir le produit" href="http://www.refonte.auchandirect.fr/petit-déjeuner-epicerie-sucrée/petit-déjeuner/détartrant-multi-usages-liquide/id1/484/2408"><h2>MELITTA</h2><h4>Détartrant multi-usages liquide</h4><h4></h4><p>
375 ml
<br/>
12.16€/l
</p></a></div><div class="mini_picto_bas"><img src="http://www.refonte.auchandirect.fr/static/images/DLC-garantie-30j_small.jpg"/></div></div></div></td></tr><tr><td><!-- PL : ici --><div class="bloc-produit "><div class="bloc-produit-content"><a title="Voir le produit" href="http://www.refonte.auchandirect.fr/petit-déjeuner-epicerie-sucrée/petit-déjeuner/filtre-anti-calcaire-x-6/id1/484/55721"><img src="http://www.refonte.auchandirect.fr/static/images/products/line/55721.jpg" alt="" class="produit "/></a><div class="picto"><span class="invisible"></span></div><div class="boutons-produit"><a id="addProductToBasket_335" onclick="javascript:Tapestry.waitForPage(event);" title="Ajouter au panier" class="bt-produit-ajout-panier" href="http://www.refonte.auchandirect.fr/rayon.productgridorlist.productlist_1.thumbnailproduct_0.addproducttobasket/55721?t:ac=484">Ajouter au panier</a><a id="addProductToShoppingList_485" onclick="javascript:Tapestry.waitForPage(event);" title="Ajouter à ma liste" class="bt-produit-ajout-liste" href="http://www.refonte.auchandirect.fr/rayon.productgridorlist.productlist_1.thumbnailproduct_0.addproducttoshoppinglist/55721?t:ac=484">Ajouter à ma liste</a></div><div class="infos-produit-1"><div class="prix-actuel"><span>2.48€</span></div></div><div class="infos-produit-2"><a title="Voir le produit" href="http://www.refonte.auchandirect.fr/petit-déjeuner-epicerie-sucrée/petit-déjeuner/filtre-anti-calcaire-x-6/id1/484/55721"><h2>MELITTA</h2><h4>Filtre anti calcaire x 6</h4><h4></h4><p>
1 pièce
<br/>
2.48€/pièce
</p></a></div><div class="mini_picto_bas"></div></div></div></td><td><!-- PL : ici --><div class="bloc-produit "><div class="bloc-produit-content"><a title="Voir le produit" href="http://www.refonte.auchandirect.fr/petit-déjeuner-epicerie-sucrée/petit-déjeuner/filtres-à-café-n°-4-+-1-sachet-de-détartrant/id1/484/100381"><img src="http://www.refonte.auchandirect.fr/static/images/products/line/100381.jpg" alt="" class="produit "/></a><div class="picto"><span class="invisible"></span></div><div class="boutons-produit"><a id="addProductToBasket_336" onclick="javascript:Tapestry.waitForPage(event);" title="Ajouter au panier" class="bt-produit-ajout-panier" href="http://www.refonte.auchandirect.fr/rayon.productgridorlist.productlist_1.thumbnailproduct_0.addproducttobasket/100381?t:ac=484">Ajouter au panier</a><a id="addProductToShoppingList_486" onclick="javascript:Tapestry.waitForPage(event);" title="Ajouter à ma liste" class="bt-produit-ajout-liste" href="http://www.refonte.auchandirect.fr/rayon.productgridorlist.productlist_1.thumbnailproduct_0.addproducttoshoppinglist/100381?t:ac=484">Ajouter à ma liste</a></div><div class="infos-produit-1"><div class="prix-actuel"><span>2.21€</span></div></div><div class="infos-produit-2"><a title="Voir le produit" href="http://www.refonte.auchandirect.fr/petit-déjeuner-epicerie-sucrée/petit-déjeuner/filtres-à-café-n°-4-+-1-sachet-de-détartrant/id1/484/100381"><h2>MELITTA</h2><h4>Filtres à café n° 4 + 1 sachet de détartrant</h4><h4>Classic</h4><p>
1 pièce
<br/>
2.21€/pièce
</p></a></div><div class="mini_picto_bas"><img src="http://www.refonte.auchandirect.fr/static/images/DLC-garantie-30j_small.jpg"/></div></div></div></td><td><!-- PL : ici --><div class="bloc-produit "><div class="bloc-produit-content"><a title="Voir le produit" href="http://www.refonte.auchandirect.fr/bio-ecolo/epicerie-bio/café-moulu-bio-d'afrique/id1/458/76115"><img src="http://www.refonte.auchandirect.fr/static/images/products/line/76115.jpg" alt="" class="produit "/></a><div class="picto"><span class="invisible"></span></div><div class="boutons-produit"><a id="addProductToBasket_337" onclick="javascript:Tapestry.waitForPage(event);" title="Ajouter au panier" class="bt-produit-ajout-panier" href="http://www.refonte.auchandirect.fr/rayon.productgridorlist.productlist_1.thumbnailproduct_0.addproducttobasket/76115?t:ac=484">Ajouter au panier</a><a id="addProductToShoppingList_487" onclick="javascript:Tapestry.waitForPage(event);" title="Ajouter à ma liste" class="bt-produit-ajout-liste" href="http://www.refonte.auchandirect.fr/rayon.productgridorlist.productlist_1.thumbnailproduct_0.addproducttoshoppinglist/76115?t:ac=484">Ajouter à ma liste</a></div><div class="infos-produit-1"><div class="prix-actuel"><span>3.70€</span></div></div><div class="infos-produit-2"><a title="Voir le produit" href="http://www.refonte.auchandirect.fr/bio-ecolo/epicerie-bio/café-moulu-bio-d'afrique/id1/458/76115"><h2>MEO MAX HAVELAAR</h2><h4>Café moulu bio d'Afrique</h4><h4></h4><p>
250 g
<br/>
14.80€/kg
</p></a></div><div class="mini_picto_bas"><img src="http://www.refonte.auchandirect.fr/static/images/AB_small.jpg"/></div></div></div></td></tr><tr><td><!-- PL : ici --><div class="bloc-produit "><div class="bloc-produit-content"><a title="Voir le produit" href="http://www.refonte.auchandirect.fr/petit-déjeuner-epicerie-sucrée/petit-déjeuner/préparation-pour-boisson/id1/484/19424"><img src="http://www.refonte.auchandirect.fr/static/images/products/line/19424.jpg" alt="" class="produit "/></a><div class="picto"><span class="invisible"></span></div><div class="boutons-produit"><a id="addProductToBasket_338" onclick="javascript:Tapestry.waitForPage(event);" title="Ajouter au panier" class="bt-produit-ajout-panier" href="http://www.refonte.auchandirect.fr/rayon.productgridorlist.productlist_1.thumbnailproduct_0.addproducttobasket/19424?t:ac=484">Ajouter au panier</a><a id="addProductToShoppingList_488" onclick="javascript:Tapestry.waitForPage(event);" title="Ajouter à ma liste" class="bt-produit-ajout-liste" href="http://www.refonte.auchandirect.fr/rayon.productgridorlist.productlist_1.thumbnailproduct_0.addproducttoshoppinglist/19424?t:ac=484">Ajouter à ma liste</a></div><div class="infos-produit-1"><div class="prix-actuel"><span>2.91€</span></div></div><div class="infos-produit-2"><a title="Voir le produit" href="http://www.refonte.auchandirect.fr/petit-déjeuner-epicerie-sucrée/petit-déjeuner/préparation-pour-boisson/id1/484/19424"><h2>NESCAFE</h2><h4>Préparation pour boisson</h4><h4>Cappuccino</h4><p>
140g
<br/>
20.79€/kg
</p></a></div><div class="mini_picto_bas"><img src="http://www.refonte.auchandirect.fr/static/images/DLC-garantie-30j_small.jpg"/></div></div></div></td><td><!-- PL : ici --><div class="bloc-produit "><div class="bloc-produit-content"><a title="Voir le produit" href="http://www.refonte.auchandirect.fr/petit-déjeuner-epicerie-sucrée/petit-déjeuner/préparation-pour-cappuccino/id1/484/58888"><img src="http://www.refonte.auchandirect.fr/static/images/products/line/58888.jpg" alt="" class="produit "/></a><div class="picto"><span class="invisible"></span></div><div class="boutons-produit"><a id="addProductToBasket_339" onclick="javascript:Tapestry.waitForPage(event);" title="Ajouter au panier" class="bt-produit-ajout-panier" href="http://www.refonte.auchandirect.fr/rayon.productgridorlist.productlist_1.thumbnailproduct_0.addproducttobasket/58888?t:ac=484">Ajouter au panier</a><a id="addProductToShoppingList_489" onclick="javascript:Tapestry.waitForPage(event);" title="Ajouter à ma liste" class="bt-produit-ajout-liste" href="http://www.refonte.auchandirect.fr/rayon.productgridorlist.productlist_1.thumbnailproduct_0.addproducttoshoppinglist/58888?t:ac=484">Ajouter à ma liste</a></div><div class="infos-produit-1"><div class="prix-actuel"><span>4.85€</span></div></div><div class="infos-produit-2"><a title="Voir le produit" href="http://www.refonte.auchandirect.fr/petit-déjeuner-epicerie-sucrée/petit-déjeuner/préparation-pour-cappuccino/id1/484/58888"><h2>NESCAFE</h2><h4>Préparation pour cappuccino</h4><h4></h4><p>
280 g
<br/>
17.32€/kg
</p></a></div><div class="mini_picto_bas"><img src="http://www.refonte.auchandirect.fr/static/images/DLC-garantie-30j_small.jpg"/></div></div></div></td><td><!-- PL : ici --><div class="bloc-produit "><div class="bloc-produit-content"><a title="Voir le produit" href="http://www.refonte.auchandirect.fr/petit-déjeuner-epicerie-sucrée/petit-déjeuner/café-au-chocolat/id1/484/43538"><img src="http://www.refonte.auchandirect.fr/static/images/products/line/43538.jpg" alt="" class="produit "/></a><div class="picto"><span class="invisible"></span></div><div class="boutons-produit"><a id="addProductToBasket_340" onclick="javascript:Tapestry.waitForPage(event);" title="Ajouter au panier" class="bt-produit-ajout-panier" href="http://www.refonte.auchandirect.fr/rayon.productgridorlist.productlist_1.thumbnailproduct_0.addproducttobasket/43538?t:ac=484">Ajouter au panier</a><a id="addProductToShoppingList_490" onclick="javascript:Tapestry.waitForPage(event);" title="Ajouter à ma liste" class="bt-produit-ajout-liste" href="http://www.refonte.auchandirect.fr/rayon.productgridorlist.productlist_1.thumbnailproduct_0.addproducttoshoppinglist/43538?t:ac=484">Ajouter à ma liste</a></div><div class="infos-produit-1"><div class="prix-actuel"><span>4.95€</span></div></div><div class="infos-produit-2"><a title="Voir le produit" href="http://www.refonte.auchandirect.fr/petit-déjeuner-epicerie-sucrée/petit-déjeuner/café-au-chocolat/id1/484/43538"><h2>NESCAFE</h2><h4>Café au chocolat</h4><h4>Viennois</h4><p>
306 g
<br/>
16.18€/kg
</p></a></div><div class="mini_picto_bas"><img src="http://www.refonte.auchandirect.fr/static/images/DLC-garantie-30j_small.jpg"/></div></div></div></td></tr><tr><td><!-- PL : ici --><div class="bloc-produit  bientot-dispo"><div class="bloc-produit-content"><a title="Voir le produit" href="http://www.refonte.auchandirect.fr/petit-déjeuner-epicerie-sucrée/petit-déjeuner/café-soluble-décaféiné/id1/484/100725"><img src="http://www.refonte.auchandirect.fr/static/images/products/line/100725.jpg" alt="" class="produit "/></a><div class="picto"><span class="invisible"></span></div><div class="boutons-produit"><a class="bt-produit-ajout-panier disable" title="Bientôt disponible" href="javascript:void(0)">Bientôt disponible</a><a id="addProductToShoppingList_491" onclick="javascript:Tapestry.waitForPage(event);" title="Ajouter à ma liste" class="bt-produit-ajout-liste" href="http://www.refonte.auchandirect.fr/rayon.productgridorlist.productlist_1.thumbnailproduct_0.addproducttoshoppinglist/100725?t:ac=484">Ajouter à ma liste</a></div><div class="infos-produit-1"><div class="prix-actuel"><span>6.33€</span></div></div><div class="infos-produit-2"><a title="Voir le produit" href="http://www.refonte.auchandirect.fr/petit-déjeuner-epicerie-sucrée/petit-déjeuner/café-soluble-décaféiné/id1/484/100725"><h2>NESCAFE</h2><h4>Café soluble décaféiné</h4><h4>Sélection</h4><p>
200 g
<br/>
31.65€/kg
</p></a></div><div class="mini_picto_bas"><img src="http://www.refonte.auchandirect.fr/static/images/DLC-garantie-30j_small.jpg"/></div></div></div></td><td><!-- PL : ici --><div class="bloc-produit "><div class="bloc-produit-content"><a title="Voir le produit" href="http://www.refonte.auchandirect.fr/petit-déjeuner-epicerie-sucrée/petit-déjeuner/café-soluble-décaféiné/id1/484/100958"><img src="http://www.refonte.auchandirect.fr/static/images/products/line/100958.jpg" alt="" class="produit "/></a><div class="picto"><span class="invisible"></span></div><div class="boutons-produit"><a id="addProductToBasket_341" onclick="javascript:Tapestry.waitForPage(event);" title="Ajouter au panier" class="bt-produit-ajout-panier" href="http://www.refonte.auchandirect.fr/rayon.productgridorlist.productlist_1.thumbnailproduct_0.addproducttobasket/100958?t:ac=484">Ajouter au panier</a><a id="addProductToShoppingList_492" onclick="javascript:Tapestry.waitForPage(event);" title="Ajouter à ma liste" class="bt-produit-ajout-liste" href="http://www.refonte.auchandirect.fr/rayon.productgridorlist.productlist_1.thumbnailproduct_0.addproducttoshoppinglist/100958?t:ac=484">Ajouter à ma liste</a></div><div class="infos-produit-1"><div class="prix-actuel"><span>4.86€</span></div></div><div class="infos-produit-2"><a title="Voir le produit" href="http://www.refonte.auchandirect.fr/petit-déjeuner-epicerie-sucrée/petit-déjeuner/café-soluble-décaféiné/id1/484/100958"><h2>NESCAFE</h2><h4>Café soluble décaféiné</h4><h4>Spécial filtre</h4><p>
100 g
<br/>
48.60€/kg
</p></a></div><div class="mini_picto_bas"><img src="http://www.refonte.auchandirect.fr/static/images/DLC-garantie-30j_small.jpg"/></div></div></div></td><td><!-- PL : ici --><div class="bloc-produit "><div class="bloc-produit-content"><a title="Voir le produit" href="http://www.refonte.auchandirect.fr/petit-déjeuner-epicerie-sucrée/petit-déjeuner/capsules-de-café-aroma-x-16/id1/484/58799"><img src="http://www.refonte.auchandirect.fr/static/images/products/line/58799.jpg" alt="" class="produit "/></a><div class="picto"><span class="invisible"></span></div><div class="boutons-produit"><a id="addProductToBasket_342" onclick="javascript:Tapestry.waitForPage(event);" title="Ajouter au panier" class="bt-produit-ajout-panier" href="http://www.refonte.auchandirect.fr/rayon.productgridorlist.productlist_1.thumbnailproduct_0.addproducttobasket/58799?t:ac=484">Ajouter au panier</a><a id="addProductToShoppingList_493" onclick="javascript:Tapestry.waitForPage(event);" title="Ajouter à ma liste" class="bt-produit-ajout-liste" href="http://www.refonte.auchandirect.fr/rayon.productgridorlist.productlist_1.thumbnailproduct_0.addproducttoshoppinglist/58799?t:ac=484">Ajouter à ma liste</a></div><div class="infos-produit-1"><div class="prix-actuel"><span>4.90€</span></div></div><div class="infos-produit-2"><a title="Voir le produit" href="http://www.refonte.auchandirect.fr/petit-déjeuner-epicerie-sucrée/petit-déjeuner/capsules-de-café-aroma-x-16/id1/484/58799"><h2>NESCAFE</h2><h4>Capsules de café aroma x 16</h4><h4>Dolce Gusto</h4><p>
128 g
<br/>
38.28€/kg
</p></a></div><div class="mini_picto_bas"><img src="http://www.refonte.auchandirect.fr/static/images/DLC-garantie-30j_small.jpg"/></div></div></div></td></tr><tr><td><!-- PL : ici --><div class="bloc-produit "><div class="bloc-produit-content"><a title="Voir le produit" href="http://www.refonte.auchandirect.fr/petit-déjeuner-epicerie-sucrée/petit-déjeuner/capsules-de-café-lungo-x-16/id1/484/58812"><img src="http://www.refonte.auchandirect.fr/static/images/products/line/58812.jpg" alt="" class="produit "/></a><div class="picto"><span class="invisible"></span></div><div class="boutons-produit"><a id="addProductToBasket_343" onclick="javascript:Tapestry.waitForPage(event);" title="Ajouter au panier" class="bt-produit-ajout-panier" href="http://www.refonte.auchandirect.fr/rayon.productgridorlist.productlist_1.thumbnailproduct_0.addproducttobasket/58812?t:ac=484">Ajouter au panier</a><a id="addProductToShoppingList_494" onclick="javascript:Tapestry.waitForPage(event);" title="Ajouter à ma liste" class="bt-produit-ajout-liste" href="http://www.refonte.auchandirect.fr/rayon.productgridorlist.productlist_1.thumbnailproduct_0.addproducttoshoppinglist/58812?t:ac=484">Ajouter à ma liste</a></div><div class="infos-produit-1"><div class="prix-actuel"><span>5.30€</span></div></div><div class="infos-produit-2"><a title="Voir le produit" href="http://www.refonte.auchandirect.fr/petit-déjeuner-epicerie-sucrée/petit-déjeuner/capsules-de-café-lungo-x-16/id1/484/58812"><h2>NESCAFE</h2><h4>Capsules de café lungo x 16</h4><h4>Dolce Gusto</h4><p>
112 g
<br/>
47.32€/kg
</p></a></div><div class="mini_picto_bas"><img src="http://www.refonte.auchandirect.fr/static/images/DLC-garantie-30j_small.jpg"/></div></div></div></td><td><!-- PL : ici --><div class="bloc-produit "><div class="bloc-produit-content"><a title="Voir le produit" href="http://www.refonte.auchandirect.fr/petit-déjeuner-epicerie-sucrée/petit-déjeuner/capsules-de-café-cappuccino,-x-16/id1/484/60307"><img src="http://www.refonte.auchandirect.fr/static/images/products/line/60307.jpg" alt="" class="produit "/></a><div class="picto"><span class="invisible"></span></div><div class="boutons-produit"><a id="addProductToBasket_344" onclick="javascript:Tapestry.waitForPage(event);" title="Ajouter au panier" class="bt-produit-ajout-panier" href="http://www.refonte.auchandirect.fr/rayon.productgridorlist.productlist_1.thumbnailproduct_0.addproducttobasket/60307?t:ac=484">Ajouter au panier</a><a id="addProductToShoppingList_495" onclick="javascript:Tapestry.waitForPage(event);" title="Ajouter à ma liste" class="bt-produit-ajout-liste" href="http://www.refonte.auchandirect.fr/rayon.productgridorlist.productlist_1.thumbnailproduct_0.addproducttoshoppinglist/60307?t:ac=484">Ajouter à ma liste</a></div><div class="infos-produit-1"><div class="prix-actuel"><span>5.07€</span></div></div><div class="infos-produit-2"><a title="Voir le produit" href="http://www.refonte.auchandirect.fr/petit-déjeuner-epicerie-sucrée/petit-déjeuner/capsules-de-café-cappuccino,-x-16/id1/484/60307"><h2>NESCAFE</h2><h4>Capsules de café cappuccino, x 16</h4><h4>Dolce Gusto</h4><p>
200 g
<br/>
25.35€/kg
</p></a></div><div class="mini_picto_bas"><img src="http://www.refonte.auchandirect.fr/static/images/DLC-garantie-30j_small.jpg"/></div></div></div></td><td><!-- PL : ici --><div class="bloc-produit "><div class="bloc-produit-content"><a title="Voir le produit" href="http://www.refonte.auchandirect.fr/petit-déjeuner-epicerie-sucrée/petit-déjeuner/capsules-de-café-expresso-intenso-x-16/id1/484/60777"><img src="http://www.refonte.auchandirect.fr/static/images/products/line/60777.jpg" alt="" class="produit "/></a><div class="picto"><span class="invisible"></span></div><div class="boutons-produit"><a id="addProductToBasket_345" onclick="javascript:Tapestry.waitForPage(event);" title="Ajouter au panier" class="bt-produit-ajout-panier" href="http://www.refonte.auchandirect.fr/rayon.productgridorlist.productlist_1.thumbnailproduct_0.addproducttobasket/60777?t:ac=484">Ajouter au panier</a><a id="addProductToShoppingList_496" onclick="javascript:Tapestry.waitForPage(event);" title="Ajouter à ma liste" class="bt-produit-ajout-liste" href="http://www.refonte.auchandirect.fr/rayon.productgridorlist.productlist_1.thumbnailproduct_0.addproducttoshoppinglist/60777?t:ac=484">Ajouter à ma liste</a></div><div class="infos-produit-1"><div class="prix-actuel"><span>4.60€</span></div></div><div class="infos-produit-2"><a title="Voir le produit" href="http://www.refonte.auchandirect.fr/petit-déjeuner-epicerie-sucrée/petit-déjeuner/capsules-de-café-expresso-intenso-x-16/id1/484/60777"><h2>NESCAFE</h2><h4>Capsules de café expresso intenso x 16</h4><h4>Dolce Gusto</h4><p>
128 g
<br/>
35.94€/kg
</p></a></div><div class="mini_picto_bas"><img src="http://www.refonte.auchandirect.fr/static/images/DLC-garantie-30j_small.jpg"/></div></div></div></td></tr><tr><td><!-- PL : ici --><div class="bloc-produit "><div class="bloc-produit-content"><a title="Voir le produit" href="http://www.refonte.auchandirect.fr/petit-déjeuner-epicerie-sucrée/petit-déjeuner/capsules-de-café-expresso-x-16/id1/484/46263"><img src="http://www.refonte.auchandirect.fr/static/images/products/line/46263.jpg" alt="" class="produit "/></a><div class="picto"><span class="invisible"></span></div><div class="boutons-produit"><a id="addProductToBasket_346" onclick="javascript:Tapestry.waitForPage(event);" title="Ajouter au panier" class="bt-produit-ajout-panier" href="http://www.refonte.auchandirect.fr/rayon.productgridorlist.productlist_1.thumbnailproduct_0.addproducttobasket/46263?t:ac=484">Ajouter au panier</a><a id="addProductToShoppingList_497" onclick="javascript:Tapestry.waitForPage(event);" title="Ajouter à ma liste" class="bt-produit-ajout-liste" href="http://www.refonte.auchandirect.fr/rayon.productgridorlist.productlist_1.thumbnailproduct_0.addproducttoshoppinglist/46263?t:ac=484">Ajouter à ma liste</a></div><div class="infos-produit-1"><div class="prix-actuel"><span>4.90€</span></div></div><div class="infos-produit-2"><a title="Voir le produit" href="http://www.refonte.auchandirect.fr/petit-déjeuner-epicerie-sucrée/petit-déjeuner/capsules-de-café-expresso-x-16/id1/484/46263"><h2>NESCAFE</h2><h4>Capsules de café expresso x 16</h4><h4>Dolce Gusto</h4><p>
98 g
<br/>
50.00€/kg
</p></a></div><div class="mini_picto_bas"><img src="http://www.refonte.auchandirect.fr/static/images/DLC-garantie-30j_small.jpg"/></div></div></div></td><td><!-- PL : ici --><div class="bloc-produit "><div class="bloc-produit-content"><a title="Voir le produit" href="http://www.refonte.auchandirect.fr/petit-déjeuner-epicerie-sucrée/petit-déjeuner/capsules-de-boisson-au-lait-cacaotée-x-25/id1/484/78202"><img src="http://www.refonte.auchandirect.fr/static/images/products/line/78202.jpg" alt="" class="produit "/></a><div class="picto"><span class="invisible"></span></div><div class="boutons-produit"><a id="addProductToBasket_347" onclick="javascript:Tapestry.waitForPage(event);" title="Ajouter au panier" class="bt-produit-ajout-panier" href="http://www.refonte.auchandirect.fr/rayon.productgridorlist.productlist_1.thumbnailproduct_0.addproducttobasket/78202?t:ac=484">Ajouter au panier</a><a id="addProductToShoppingList_498" onclick="javascript:Tapestry.waitForPage(event);" title="Ajouter à ma liste" class="bt-produit-ajout-liste" href="http://www.refonte.auchandirect.fr/rayon.productgridorlist.productlist_1.thumbnailproduct_0.addproducttoshoppinglist/78202?t:ac=484">Ajouter à ma liste</a></div><div class="infos-produit-1"><div class="prix-actuel"><span>4.69€</span></div></div><div class="infos-produit-2"><a title="Voir le produit" href="http://www.refonte.auchandirect.fr/petit-déjeuner-epicerie-sucrée/petit-déjeuner/capsules-de-boisson-au-lait-cacaotée-x-25/id1/484/78202"><h2>NESCAFE</h2><h4>Capsules de boisson au lait cacaotée x 25</h4><h4>Dolce Gusto</h4><p>
256 g
<br/>
18.32€/kg
</p></a></div><div class="mini_picto_bas"></div></div></div></td><td><!-- PL : ici --><div class="bloc-produit "><div class="bloc-produit-content"><a title="Voir le produit" href="http://www.refonte.auchandirect.fr/petit-déjeuner-epicerie-sucrée/petit-déjeuner/café-soluble/id1/484/100724"><img src="http://www.refonte.auchandirect.fr/static/images/products/line/100724.jpg" alt="" class="produit "/></a><div class="picto"><span class="invisible"></span></div><div class="boutons-produit"><a id="addProductToBasket_348" onclick="javascript:Tapestry.waitForPage(event);" title="Ajouter au panier" class="bt-produit-ajout-panier" href="http://www.refonte.auchandirect.fr/rayon.productgridorlist.productlist_1.thumbnailproduct_0.addproducttobasket/100724?t:ac=484">Ajouter au panier</a><a id="addProductToShoppingList_499" onclick="javascript:Tapestry.waitForPage(event);" title="Ajouter à ma liste" class="bt-produit-ajout-liste" href="http://www.refonte.auchandirect.fr/rayon.productgridorlist.productlist_1.thumbnailproduct_0.addproducttoshoppinglist/100724?t:ac=484">Ajouter à ma liste</a></div><div class="infos-produit-1"><div class="prix-actuel"><span>5.03€</span></div></div><div class="infos-produit-2"><a title="Voir le produit" href="http://www.refonte.auchandirect.fr/petit-déjeuner-epicerie-sucrée/petit-déjeuner/café-soluble/id1/484/100724"><h2>NESCAFE</h2><h4>Café soluble</h4><h4>Sélection</h4><p>
200 g
<br/>
25.15€/kg
</p></a></div><div class="mini_picto_bas"><img src="http://www.refonte.auchandirect.fr/static/images/DLC-garantie-30j_small.jpg"/></div></div></div></td></tr><tr><td><!-- PL : ici --><div class="bloc-produit "><div class="bloc-produit-content"><a title="Voir le produit" href="http://www.refonte.auchandirect.fr/petit-déjeuner-epicerie-sucrée/petit-déjeuner/café-soluble-pur-arabica/id1/484/100398"><img src="http://www.refonte.auchandirect.fr/static/images/products/line/100398.jpg" alt="" class="produit "/></a><div class="picto"><span class="invisible"></span></div><div class="boutons-produit"><a id="addProductToBasket_349" onclick="javascript:Tapestry.waitForPage(event);" title="Ajouter au panier" class="bt-produit-ajout-panier" href="http://www.refonte.auchandirect.fr/rayon.productgridorlist.productlist_1.thumbnailproduct_0.addproducttobasket/100398?t:ac=484">Ajouter au panier</a><a id="addProductToShoppingList_500" onclick="javascript:Tapestry.waitForPage(event);" title="Ajouter à ma liste" class="bt-produit-ajout-liste" href="http://www.refonte.auchandirect.fr/rayon.productgridorlist.productlist_1.thumbnailproduct_0.addproducttoshoppinglist/100398?t:ac=484">Ajouter à ma liste</a></div><div class="infos-produit-1"><div class="prix-actuel"><span>5.10€</span></div></div><div class="infos-produit-2"><a title="Voir le produit" href="http://www.refonte.auchandirect.fr/petit-déjeuner-epicerie-sucrée/petit-déjeuner/café-soluble-pur-arabica/id1/484/100398"><h2>NESCAFE</h2><h4>Café soluble pur arabica</h4><h4>Espresso</h4><p>
100 g
<br/>
51.00€/kg
</p></a></div><div class="mini_picto_bas"><img src="http://www.refonte.auchandirect.fr/static/images/DLC-garantie-30j_small.jpg"/></div></div></div></td><td><!-- PL : ici --><div class="bloc-produit "><div class="bloc-produit-content"><a title="Voir le produit" href="http://www.refonte.auchandirect.fr/petit-déjeuner-epicerie-sucrée/petit-déjeuner/green-blend-mélange-de-cafés-verts/id1/484/60999"><img src="http://www.refonte.auchandirect.fr/static/images/products/line/60999.jpg" alt="" class="produit "/></a><div class="picto"><span class="invisible"></span></div><div class="boutons-produit"><a id="addProductToBasket_350" onclick="javascript:Tapestry.waitForPage(event);" title="Ajouter au panier" class="bt-produit-ajout-panier" href="http://www.refonte.auchandirect.fr/rayon.productgridorlist.productlist_1.thumbnailproduct_0.addproducttobasket/60999?t:ac=484">Ajouter au panier</a><a id="addProductToShoppingList_501" onclick="javascript:Tapestry.waitForPage(event);" title="Ajouter à ma liste" class="bt-produit-ajout-liste" href="http://www.refonte.auchandirect.fr/rayon.productgridorlist.productlist_1.thumbnailproduct_0.addproducttoshoppinglist/60999?t:ac=484">Ajouter à ma liste</a></div><div class="infos-produit-1"><div class="prix-actuel"><span>5.25€</span></div></div><div class="infos-produit-2"><a title="Voir le produit" href="http://www.refonte.auchandirect.fr/petit-déjeuner-epicerie-sucrée/petit-déjeuner/green-blend-mélange-de-cafés-verts/id1/484/60999"><h2>NESCAFE</h2><h4>Green blend mélange de cafés verts</h4><h4>Green blend</h4><p>
100 g
<br/>
52.50€/kg
</p></a></div><div class="mini_picto_bas"><img src="http://www.refonte.auchandirect.fr/static/images/DLC-garantie-30j_small.jpg"/></div></div></div></td><td><!-- PL : ici --><div class="bloc-produit "><div class="bloc-produit-content"><a title="Voir le produit" href="http://www.refonte.auchandirect.fr/petit-déjeuner-epicerie-sucrée/petit-déjeuner/recharge-de-café-soluble-spécial-filtre/id1/484/41743"><img src="http://www.refonte.auchandirect.fr/static/images/products/line/41743.jpg" alt="" class="produit "/></a><div class="picto"><span class="invisible"></span></div><div class="boutons-produit"><a id="addProductToBasket_351" onclick="javascript:Tapestry.waitForPage(event);" title="Ajouter au panier" class="bt-produit-ajout-panier" href="http://www.refonte.auchandirect.fr/rayon.productgridorlist.productlist_1.thumbnailproduct_0.addproducttobasket/41743?t:ac=484">Ajouter au panier</a><a id="addProductToShoppingList_502" onclick="javascript:Tapestry.waitForPage(event);" title="Ajouter à ma liste" class="bt-produit-ajout-liste" href="http://www.refonte.auchandirect.fr/rayon.productgridorlist.productlist_1.thumbnailproduct_0.addproducttoshoppinglist/41743?t:ac=484">Ajouter à ma liste</a></div><div class="infos-produit-1"><div class="prix-actuel"><span>6.34€</span></div></div><div class="infos-produit-2"><a title="Voir le produit" href="http://www.refonte.auchandirect.fr/petit-déjeuner-epicerie-sucrée/petit-déjeuner/recharge-de-café-soluble-spécial-filtre/id1/484/41743"><h2>NESCAFE</h2><h4>Recharge de café soluble spécial filtre</h4><h4>Café soluble</h4><p>
200 g
<br/>
31.70€/kg
</p></a></div><div class="mini_picto_bas"><img src="http://www.refonte.auchandirect.fr/static/images/DLC-garantie-30j_small.jpg"/></div></div></div></td></tr><tr><td><!-- PL : ici --><div class="bloc-produit  bientot-dispo"><div class="bloc-produit-content"><a title="Voir le produit" href="http://www.refonte.auchandirect.fr/petit-déjeuner-epicerie-sucrée/petit-déjeuner/café-soluble/id1/484/100803"><img src="http://www.refonte.auchandirect.fr/static/images/products/line/100803.jpg" alt="" class="produit "/></a><div class="picto"><span class="invisible"></span></div><div class="boutons-produit"><a class="bt-produit-ajout-panier disable" title="Bientôt disponible" href="javascript:void(0)">Bientôt disponible</a><a id="addProductToShoppingList_503" onclick="javascript:Tapestry.waitForPage(event);" title="Ajouter à ma liste" class="bt-produit-ajout-liste" href="http://www.refonte.auchandirect.fr/rayon.productgridorlist.productlist_1.thumbnailproduct_0.addproducttoshoppinglist/100803?t:ac=484">Ajouter à ma liste</a></div><div class="infos-produit-1"><div class="prix-actuel"><span>3.77€</span></div></div><div class="infos-produit-2"><a title="Voir le produit" href="http://www.refonte.auchandirect.fr/petit-déjeuner-epicerie-sucrée/petit-déjeuner/café-soluble/id1/484/100803"><h2>NESCAFE</h2><h4>Café soluble</h4><h4>Spécial filtre</h4><p>
100 g
<br/>
37.70€/kg
</p></a></div><div class="mini_picto_bas"><img src="http://www.refonte.auchandirect.fr/static/images/DLC-garantie-30j_small.jpg"/></div></div></div></td><td><!-- PL : ici --><div class="bloc-produit "><div class="bloc-produit-content"><a title="Voir le produit" href="http://www.refonte.auchandirect.fr/petit-déjeuner-epicerie-sucrée/petit-déjeuner/café-expresso-en-stiks-x-25/id1/484/37670"><img src="http://www.refonte.auchandirect.fr/static/images/products/line/37670.jpg" alt="" class="produit "/></a><div class="picto"><span class="invisible"></span></div><div class="boutons-produit"><a id="addProductToBasket_352" onclick="javascript:Tapestry.waitForPage(event);" title="Ajouter au panier" class="bt-produit-ajout-panier" href="http://www.refonte.auchandirect.fr/rayon.productgridorlist.productlist_1.thumbnailproduct_0.addproducttobasket/37670?t:ac=484">Ajouter au panier</a><a id="addProductToShoppingList_504" onclick="javascript:Tapestry.waitForPage(event);" title="Ajouter à ma liste" class="bt-produit-ajout-liste" href="http://www.refonte.auchandirect.fr/rayon.productgridorlist.productlist_1.thumbnailproduct_0.addproducttoshoppinglist/37670?t:ac=484">Ajouter à ma liste</a></div><div class="infos-produit-1"><div class="prix-actuel"><span>2.58€</span></div></div><div class="infos-produit-2"><a title="Voir le produit" href="http://www.refonte.auchandirect.fr/petit-déjeuner-epicerie-sucrée/petit-déjeuner/café-expresso-en-stiks-x-25/id1/484/37670"><h2>NESCAFE</h2><h4>Café expresso en stiks x 25</h4><h4>Espresso</h4><p>
45 g
<br/>
57.33€/kg
</p></a></div><div class="mini_picto_bas"><img src="http://www.refonte.auchandirect.fr/static/images/DLC-garantie-30j_small.jpg"/></div></div></div></td><td><!-- PL : ici --><div class="bloc-produit "><div class="bloc-produit-content"><a title="Voir le produit" href="http://www.refonte.auchandirect.fr/petit-déjeuner-epicerie-sucrée/petit-déjeuner/cafe-soluble-en-sticks-x-25/id1/484/39344"><img src="http://www.refonte.auchandirect.fr/static/images/products/line/39344.jpg" alt="" class="produit "/></a><div class="picto"><span class="invisible"></span></div><div class="boutons-produit"><a id="addProductToBasket_353" onclick="javascript:Tapestry.waitForPage(event);" title="Ajouter au panier" class="bt-produit-ajout-panier" href="http://www.refonte.auchandirect.fr/rayon.productgridorlist.productlist_1.thumbnailproduct_0.addproducttobasket/39344?t:ac=484">Ajouter au panier</a><a id="addProductToShoppingList_505" onclick="javascript:Tapestry.waitForPage(event);" title="Ajouter à ma liste" class="bt-produit-ajout-liste" href="http://www.refonte.auchandirect.fr/rayon.productgridorlist.productlist_1.thumbnailproduct_0.addproducttoshoppinglist/39344?t:ac=484">Ajouter à ma liste</a></div><div class="infos-produit-1"><div class="prix-actuel"><span>1.94€</span></div></div><div class="infos-produit-2"><a title="Voir le produit" href="http://www.refonte.auchandirect.fr/petit-déjeuner-epicerie-sucrée/petit-déjeuner/cafe-soluble-en-sticks-x-25/id1/484/39344"><h2>NESCAFE</h2><h4>Cafe soluble en sticks x 25</h4><h4>Special filtre</h4><p>
50 g
<br/>
38.80€/kg
</p></a></div><div class="mini_picto_bas"><img src="http://www.refonte.auchandirect.fr/static/images/DLC-garantie-30j_small.jpg"/></div></div></div></td></tr><tr><td><!-- PL : ici --><div class="bloc-produit "><div class="bloc-produit-content"><a title="Voir le produit" href="http://www.refonte.auchandirect.fr/petit-déjeuner-epicerie-sucrée/petit-déjeuner/cafe-soluble-arabica/id1/484/100848"><img src="http://www.refonte.auchandirect.fr/static/images/products/line/100848.jpg" alt="" class="produit "/></a><div class="picto"><span class="invisible"></span></div><div class="boutons-produit"><a id="addProductToBasket_354" onclick="javascript:Tapestry.waitForPage(event);" title="Ajouter au panier" class="bt-produit-ajout-panier" href="http://www.refonte.auchandirect.fr/rayon.productgridorlist.productlist_1.thumbnailproduct_0.addproducttobasket/100848?t:ac=484">Ajouter au panier</a><a id="addProductToShoppingList_506" onclick="javascript:Tapestry.waitForPage(event);" title="Ajouter à ma liste" class="bt-produit-ajout-liste" href="http://www.refonte.auchandirect.fr/rayon.productgridorlist.productlist_1.thumbnailproduct_0.addproducttoshoppinglist/100848?t:ac=484">Ajouter à ma liste</a></div><div class="infos-produit-1"><div class="prix-actuel"><span>6.76€</span></div></div><div class="infos-produit-2"><a title="Voir le produit" href="http://www.refonte.auchandirect.fr/petit-déjeuner-epicerie-sucrée/petit-déjeuner/cafe-soluble-arabica/id1/484/100848"><h2>NESCAFE</h2><h4>Cafe soluble arabica</h4><h4>Spécial filtre</h4><p>
200 g
<br/>
33.80€/kg
</p></a></div><div class="mini_picto_bas"><img src="http://www.refonte.auchandirect.fr/static/images/DLC-garantie-30j_small.jpg"/></div></div></div></td><td><!-- PL : ici --><div class="bloc-produit "><div class="bloc-produit-content"><a title="Voir le produit" href="http://www.refonte.auchandirect.fr/spécial-filtre/id1/0/102294"><img src="http://www.refonte.auchandirect.fr/static/images/products/line/102294.jpg" alt="" class="produit "/></a><div class="picto"><span class="invisible"></span></div><div class="boutons-produit"><a id="addProductToBasket_355" onclick="javascript:Tapestry.waitForPage(event);" title="Ajouter au panier" class="bt-produit-ajout-panier" href="http://www.refonte.auchandirect.fr/rayon.productgridorlist.productlist_1.thumbnailproduct_0.addproducttobasket/102294?t:ac=484">Ajouter au panier</a><a id="addProductToShoppingList_507" onclick="javascript:Tapestry.waitForPage(event);" title="Ajouter à ma liste" class="bt-produit-ajout-liste" href="http://www.refonte.auchandirect.fr/rayon.productgridorlist.productlist_1.thumbnailproduct_0.addproducttoshoppinglist/102294?t:ac=484">Ajouter à ma liste</a></div><div class="infos-produit-1"><div class="prix-actuel"><span>5.79€</span></div></div><div class="infos-produit-2"><a title="Voir le produit" href="http://www.refonte.auchandirect.fr/spécial-filtre/id1/0/102294"><h2>NESCAFE</h2><h4>Spécial filtre</h4><h4>OFFRE ECONOMIQUE</h4><p>
200 g
<br/>
28.95€/kg
</p></a></div><div class="mini_picto_bas"></div></div></div></td><td><!-- PL : ici --><div class="bloc-produit  bientot-dispo"><div class="bloc-produit-content"><a title="Voir le produit" href="http://www.refonte.auchandirect.fr/petit-déjeuner-epicerie-sucrée/petit-déjeuner/chicorée-café-soluble/id1/484/60775"><img src="http://www.refonte.auchandirect.fr/static/images/products/line/60775.jpg" alt="" class="produit "/></a><div class="picto"><span class="invisible"></span></div><div class="boutons-produit"><a class="bt-produit-ajout-panier disable" title="Bientôt disponible" href="javascript:void(0)">Bientôt disponible</a><a id="addProductToShoppingList_508" onclick="javascript:Tapestry.waitForPage(event);" title="Ajouter à ma liste" class="bt-produit-ajout-liste" href="http://www.refonte.auchandirect.fr/rayon.productgridorlist.productlist_1.thumbnailproduct_0.addproducttoshoppinglist/60775?t:ac=484">Ajouter à ma liste</a></div><div class="infos-produit-1"><div class="prix-actuel"><span>4.90€</span></div></div><div class="infos-produit-2"><a title="Voir le produit" href="http://www.refonte.auchandirect.fr/petit-déjeuner-epicerie-sucrée/petit-déjeuner/chicorée-café-soluble/id1/484/60775"><h2>NESTLE</h2><h4>Chicorée café soluble</h4><h4>Ricoré</h4><p>
260 g
<br/>
18.85€/kg
</p></a></div><div class="mini_picto_bas"><img src="http://www.refonte.auchandirect.fr/static/images/DLC-garantie-30j_small.jpg"/></div></div></div></td></tr><tr><td><!-- PL : ici --><div class="bloc-produit  bientot-dispo"><div class="bloc-produit-content"><a title="Voir le produit" href="http://www.refonte.auchandirect.fr/petit-déjeuner-epicerie-sucrée/petit-déjeuner/café-chicorée-soluble/id1/484/38096"><img src="http://www.refonte.auchandirect.fr/static/images/products/line/38096.jpg" alt="" class="produit "/></a><div class="picto"><span class="invisible"></span></div><div class="boutons-produit"><a class="bt-produit-ajout-panier disable" title="Bientôt disponible" href="javascript:void(0)">Bientôt disponible</a><a id="addProductToShoppingList_509" onclick="javascript:Tapestry.waitForPage(event);" title="Ajouter à ma liste" class="bt-produit-ajout-liste" href="http://www.refonte.auchandirect.fr/rayon.productgridorlist.productlist_1.thumbnailproduct_0.addproducttoshoppinglist/38096?t:ac=484">Ajouter à ma liste</a></div><div class="infos-produit-1"><div class="prix-actuel"><span>2.50€</span></div></div><div class="infos-produit-2"><a title="Voir le produit" href="http://www.refonte.auchandirect.fr/petit-déjeuner-epicerie-sucrée/petit-déjeuner/café-chicorée-soluble/id1/484/38096"><h2>NESTLE</h2><h4>Café chicorée soluble</h4><h4>Ricoré</h4><p>
100 g
<br/>
25.00€/kg
</p></a></div><div class="mini_picto_bas"><img src="http://www.refonte.auchandirect.fr/static/images/DLC-garantie-30j_small.jpg"/></div></div></div></td><td><!-- PL : ici --><div class="bloc-produit "><div class="bloc-produit-content"><a title="Voir le produit" href="http://www.refonte.auchandirect.fr/petit-déjeuner-epicerie-sucrée/petit-déjeuner/café-au-lait-soluble-chicorée/id1/484/100970"><img src="http://www.refonte.auchandirect.fr/static/images/products/line/100970.jpg" alt="" class="produit "/></a><div class="picto"><span class="invisible"></span></div><div class="boutons-produit"><a id="addProductToBasket_356" onclick="javascript:Tapestry.waitForPage(event);" title="Ajouter au panier" class="bt-produit-ajout-panier" href="http://www.refonte.auchandirect.fr/rayon.productgridorlist.productlist_1.thumbnailproduct_0.addproducttobasket/100970?t:ac=484">Ajouter au panier</a><a id="addProductToShoppingList_510" onclick="javascript:Tapestry.waitForPage(event);" title="Ajouter à ma liste" class="bt-produit-ajout-liste" href="http://www.refonte.auchandirect.fr/rayon.productgridorlist.productlist_1.thumbnailproduct_0.addproducttoshoppinglist/100970?t:ac=484">Ajouter à ma liste</a></div><div class="infos-produit-1"><div class="prix-actuel"><span>4.57€</span></div></div><div class="infos-produit-2"><a title="Voir le produit" href="http://www.refonte.auchandirect.fr/petit-déjeuner-epicerie-sucrée/petit-déjeuner/café-au-lait-soluble-chicorée/id1/484/100970"><h2>NESTLE</h2><h4>Café au lait soluble chicorée</h4><h4>Bonjour</h4><p>
400 g
<br/>
11.43€/kg
</p></a></div><div class="mini_picto_bas"><img src="http://www.refonte.auchandirect.fr/static/images/DLC-garantie-30j_small.jpg"/></div></div></div></td><td><!-- PL : ici --><div class="bloc-produit "><div class="bloc-produit-content"><a title="Voir le produit" href="http://www.refonte.auchandirect.fr/petit-déjeuner-epicerie-sucrée/petit-déjeuner/boisson-instantanée-au-chocolat/id1/484/100611"><img src="http://www.refonte.auchandirect.fr/static/images/products/line/100611.jpg" alt="" class="produit "/></a><div class="picto"><span class="invisible"></span></div><div class="boutons-produit"><a id="addProductToBasket_357" onclick="javascript:Tapestry.waitForPage(event);" title="Ajouter au panier" class="bt-produit-ajout-panier" href="http://www.refonte.auchandirect.fr/rayon.productgridorlist.productlist_1.thumbnailproduct_0.addproducttobasket/100611?t:ac=484">Ajouter au panier</a><a id="addProductToShoppingList_511" onclick="javascript:Tapestry.waitForPage(event);" title="Ajouter à ma liste" class="bt-produit-ajout-liste" href="http://www.refonte.auchandirect.fr/rayon.productgridorlist.productlist_1.thumbnailproduct_0.addproducttoshoppinglist/100611?t:ac=484">Ajouter à ma liste</a></div><div class="infos-produit-1"><div class="prix-actuel"><span>2.28€</span></div></div><div class="infos-produit-2"><a title="Voir le produit" href="http://www.refonte.auchandirect.fr/petit-déjeuner-epicerie-sucrée/petit-déjeuner/boisson-instantanée-au-chocolat/id1/484/100611"><h2>NESTLE</h2><h4>Boisson instantanée au chocolat</h4><h4>Nesquik plus énergie</h4><p>
450 g
<br/>
5.07€/kg
</p></a></div><div class="mini_picto_bas"><img src="http://www.refonte.auchandirect.fr/static/images/DLC-garantie-30j_small.jpg"/></div></div></div></td></tr><tr><td><!-- PL : ici --><div class="bloc-produit "><div class="bloc-produit-content"><a title="Voir le produit" href="http://www.refonte.auchandirect.fr/petit-déjeuner-epicerie-sucrée/petit-déjeuner/boisson-instantanée-au-chocolat/id1/484/100562"><img src="http://www.refonte.auchandirect.fr/static/images/products/line/100562.jpg" alt="" class="produit "/></a><div class="picto"><span class="invisible"></span></div><div class="boutons-produit"><a id="addProductToBasket_358" onclick="javascript:Tapestry.waitForPage(event);" title="Ajouter au panier" class="bt-produit-ajout-panier" href="http://www.refonte.auchandirect.fr/rayon.productgridorlist.productlist_1.thumbnailproduct_0.addproducttobasket/100562?t:ac=484">Ajouter au panier</a><a id="addProductToShoppingList_512" onclick="javascript:Tapestry.waitForPage(event);" title="Ajouter à ma liste" class="bt-produit-ajout-liste" href="http://www.refonte.auchandirect.fr/rayon.productgridorlist.productlist_1.thumbnailproduct_0.addproducttoshoppinglist/100562?t:ac=484">Ajouter à ma liste</a></div><div class="infos-produit-1"><div class="prix-actuel"><span>4.05€</span></div></div><div class="infos-produit-2"><a title="Voir le produit" href="http://www.refonte.auchandirect.fr/petit-déjeuner-epicerie-sucrée/petit-déjeuner/boisson-instantanée-au-chocolat/id1/484/100562"><h2>NESTLE</h2><h4>Boisson instantanée au chocolat</h4><h4>Nesquik plus energie</h4><p>
1 kg
<br/>
4.05€/kg
</p></a></div><div class="mini_picto_bas"><img src="http://www.refonte.auchandirect.fr/static/images/DLC-garantie-30j_small.jpg"/></div></div></div></td><td><!-- PL : ici --><div class="bloc-produit "><div class="bloc-produit-content"><a title="Voir le produit" href="http://www.refonte.auchandirect.fr/petit-déjeuner-epicerie-sucrée/petit-déjeuner/poudre-de-cacao/id1/484/50244"><img src="http://www.refonte.auchandirect.fr/static/images/products/line/50244.jpg" alt="" class="produit "/></a><div class="picto"><span class="invisible"></span></div><div class="boutons-produit"><a id="addProductToBasket_359" onclick="javascript:Tapestry.waitForPage(event);" title="Ajouter au panier" class="bt-produit-ajout-panier" href="http://www.refonte.auchandirect.fr/rayon.productgridorlist.productlist_1.thumbnailproduct_0.addproducttobasket/50244?t:ac=484">Ajouter au panier</a><a id="addProductToShoppingList_513" onclick="javascript:Tapestry.waitForPage(event);" title="Ajouter à ma liste" class="bt-produit-ajout-liste" href="http://www.refonte.auchandirect.fr/rayon.productgridorlist.productlist_1.thumbnailproduct_0.addproducttoshoppinglist/50244?t:ac=484">Ajouter à ma liste</a></div><div class="infos-produit-1"><div class="prix-actuel"><span>2.97€</span></div></div><div class="infos-produit-2"><a title="Voir le produit" href="http://www.refonte.auchandirect.fr/petit-déjeuner-epicerie-sucrée/petit-déjeuner/poudre-de-cacao/id1/484/50244"><h2>NESTLE</h2><h4>Poudre de cacao</h4><h4>Mon premier nesquik</h4><p>
400 g
<br/>
7.43€/kg
</p></a></div><div class="mini_picto_bas"><img src="http://www.refonte.auchandirect.fr/static/images/DLC-garantie-30j_small.jpg"/></div></div></div></td><td><!-- PL : ici --><div class="bloc-produit "><div class="bloc-produit-content"><a title="Voir le produit" href="http://www.refonte.auchandirect.fr/petit-déjeuner-epicerie-sucrée/petit-déjeuner/poudre-de-cacao/id1/484/41715"><img src="http://www.refonte.auchandirect.fr/static/images/products/line/41715.jpg" alt="" class="produit "/></a><div class="picto"><span class="invisible"></span></div><div class="boutons-produit"><a id="addProductToBasket_360" onclick="javascript:Tapestry.waitForPage(event);" title="Ajouter au panier" class="bt-produit-ajout-panier" href="http://www.refonte.auchandirect.fr/rayon.productgridorlist.productlist_1.thumbnailproduct_0.addproducttobasket/41715?t:ac=484">Ajouter au panier</a><a id="addProductToShoppingList_514" onclick="javascript:Tapestry.waitForPage(event);" title="Ajouter à ma liste" class="bt-produit-ajout-liste" href="http://www.refonte.auchandirect.fr/rayon.productgridorlist.productlist_1.thumbnailproduct_0.addproducttoshoppinglist/41715?t:ac=484">Ajouter à ma liste</a></div><div class="infos-produit-1"><div class="prix-actuel"><span>1.53€</span></div></div><div class="infos-produit-2"><a title="Voir le produit" href="http://www.refonte.auchandirect.fr/petit-déjeuner-epicerie-sucrée/petit-déjeuner/poudre-de-cacao/id1/484/41715"><h2>NESTLE</h2><h4>Poudre de cacao</h4><h4>Nesquik</h4><p>
250 g
<br/>
6.12€/kg
</p></a></div><div class="mini_picto_bas"><img src="http://www.refonte.auchandirect.fr/static/images/DLC-garantie-30j_small.jpg"/></div></div></div></td></tr><tr><td><!-- PL : ici --><div class="bloc-produit  bientot-dispo"><div class="bloc-produit-content"><a title="Voir le produit" href="http://www.refonte.auchandirect.fr/petit-déjeuner-epicerie-sucrée/petit-déjeuner/boisson-instantanée-au-chocolat/id1/484/8845"><img src="http://www.refonte.auchandirect.fr/static/images/products/line/8845.jpg" alt="" class="produit "/></a><div class="picto"><span class="invisible"></span></div><div class="boutons-produit"><a class="bt-produit-ajout-panier disable" title="Bientôt disponible" href="javascript:void(0)">Bientôt disponible</a><a id="addProductToShoppingList_515" onclick="javascript:Tapestry.waitForPage(event);" title="Ajouter à ma liste" class="bt-produit-ajout-liste" href="http://www.refonte.auchandirect.fr/rayon.productgridorlist.productlist_1.thumbnailproduct_0.addproducttoshoppinglist/8845?t:ac=484">Ajouter à ma liste</a></div><div class="infos-produit-1"><div class="prix-actuel"><span>3.28€</span></div></div><div class="infos-produit-2"><a title="Voir le produit" href="http://www.refonte.auchandirect.fr/petit-déjeuner-epicerie-sucrée/petit-déjeuner/boisson-instantanée-au-chocolat/id1/484/8845"><h2>NESTLE</h2><h4>Boisson instantanée au chocolat</h4><h4>Le Chocolat</h4><p>
500 g
<br/>
6.56€/kg
</p></a></div><div class="mini_picto_bas"><img src="http://www.refonte.auchandirect.fr/static/images/DLC-garantie-30j_small.jpg"/></div></div></div></td><td><!-- PL : ici --><div class="bloc-produit "><div class="bloc-produit-content"><a title="Voir le produit" href="http://www.refonte.auchandirect.fr/petit-déjeuner-epicerie-sucrée/chocolats,-confiseries/barres-céréalières-croustillantes-chocolat/id1/485/2456"><img src="http://www.refonte.auchandirect.fr/static/images/products/line/2456.jpg" alt="" class="produit "/></a><div class="picto"><span class="invisible"></span></div><div class="boutons-produit"><a id="addProductToBasket_361" onclick="javascript:Tapestry.waitForPage(event);" title="Ajouter au panier" class="bt-produit-ajout-panier" href="http://www.refonte.auchandirect.fr/rayon.productgridorlist.productlist_1.thumbnailproduct_0.addproducttobasket/2456?t:ac=484">Ajouter au panier</a><a id="addProductToShoppingList_516" onclick="javascript:Tapestry.waitForPage(event);" title="Ajouter à ma liste" class="bt-produit-ajout-liste" href="http://www.refonte.auchandirect.fr/rayon.productgridorlist.productlist_1.thumbnailproduct_0.addproducttoshoppinglist/2456?t:ac=484">Ajouter à ma liste</a></div><div class="infos-produit-1"><div class="prix-actuel"><span>2.64€</span></div></div><div class="infos-produit-2"><a title="Voir le produit" href="http://www.refonte.auchandirect.fr/petit-déjeuner-epicerie-sucrée/chocolats,-confiseries/barres-céréalières-croustillantes-chocolat/id1/485/2456"><h2>NESTLE</h2><h4>Barres céréalières croustillantes chocolat</h4><h4>Sundy</h4><p>
180 g
<br/>
14.67€/kg
</p></a></div><div class="mini_picto_bas"><img src="http://www.refonte.auchandirect.fr/static/images/DLC-garantie-30j_small.jpg"/></div></div></div></td><td><!-- PL : ici --><div class="bloc-produit  bientot-dispo"><div class="bloc-produit-content"><a title="Voir le produit" href="http://www.refonte.auchandirect.fr/petit-déjeuner-epicerie-sucrée/biscuits,-goûters/barres-de-céréales-au-chocolat-et-au-lait/id1/483/34956"><img src="http://www.refonte.auchandirect.fr/static/images/products/line/34956.jpg" alt="" class="produit "/></a><div class="picto"><span class="invisible"></span></div><div class="boutons-produit"><a class="bt-produit-ajout-panier disable" title="Bientôt disponible" href="javascript:void(0)">Bientôt disponible</a><a id="addProductToShoppingList_517" onclick="javascript:Tapestry.waitForPage(event);" title="Ajouter à ma liste" class="bt-produit-ajout-liste" href="http://www.refonte.auchandirect.fr/rayon.productgridorlist.productlist_1.thumbnailproduct_0.addproducttoshoppinglist/34956?t:ac=484">Ajouter à ma liste</a></div><div class="infos-produit-1"><div class="prix-actuel"><span>2.41€</span></div></div><div class="infos-produit-2"><a title="Voir le produit" href="http://www.refonte.auchandirect.fr/petit-déjeuner-epicerie-sucrée/biscuits,-goûters/barres-de-céréales-au-chocolat-et-au-lait/id1/483/34956"><h2>NESTLE</h2><h4>Barres de céréales au chocolat et au lait</h4><h4>Nesquik</h4><p>
6 x 25 g
<br/>
16.07€/kg
</p></a></div><div class="mini_picto_bas"><img src="http://www.refonte.auchandirect.fr/static/images/DLC-garantie-30j_small.jpg"/></div></div></div></td></tr><tr><td><!-- PL : ici --><div class="bloc-produit "><div class="bloc-produit-content"><a title="Voir le produit" href="http://www.refonte.auchandirect.fr/petit-déjeuner-epicerie-sucrée/biscuits,-goûters/barres-de-céréales-au-chocolat-et-au-lait-x-6/id1/483/9443"><img src="http://www.refonte.auchandirect.fr/static/images/products/line/9443.jpg" alt="" class="produit "/></a><div class="picto"><span class="invisible"></span></div><div class="boutons-produit"><a id="addProductToBasket_362" onclick="javascript:Tapestry.waitForPage(event);" title="Ajouter au panier" class="bt-produit-ajout-panier" href="http://www.refonte.auchandirect.fr/rayon.productgridorlist.productlist_1.thumbnailproduct_0.addproducttobasket/9443?t:ac=484">Ajouter au panier</a><a id="addProductToShoppingList_518" onclick="javascript:Tapestry.waitForPage(event);" title="Ajouter à ma liste" class="bt-produit-ajout-liste" href="http://www.refonte.auchandirect.fr/rayon.productgridorlist.productlist_1.thumbnailproduct_0.addproducttoshoppinglist/9443?t:ac=484">Ajouter à ma liste</a></div><div class="infos-produit-1"><div class="prix-actuel"><span>2.20€</span></div></div><div class="infos-produit-2"><a title="Voir le produit" href="http://www.refonte.auchandirect.fr/petit-déjeuner-epicerie-sucrée/biscuits,-goûters/barres-de-céréales-au-chocolat-et-au-lait-x-6/id1/483/9443"><h2>NESTLE</h2><h4>Barres de céréales au chocolat et au lait x 6</h4><h4>Chocapic</h4><p>
150 g
<br/>
14.67€/kg
</p></a></div><div class="mini_picto_bas"><img src="http://www.refonte.auchandirect.fr/static/images/DLC-garantie-30j_small.jpg"/></div></div></div></td><td><!-- PL : ici --><div class="bloc-produit promotion"><div class="bloc-produit-content"><a title="Voir le produit" href="../barres-c%25C3%25A9r%25C3%25A9ales-au-chocolat-x-8-+-4-gratuites/id1/484/102661.html"><img src="http://www.refonte.auchandirect.fr/static/images/products/line/102661.jpg" alt="" class="produit "/></a><div class="picto"><span class="invisible"></span></div><img src="http://www.refonte.auchandirect.fr/static/images/promo_small.png" class="ruban"/><div class="boutons-produit"><a id="addProductToBasket_363" onclick="javascript:Tapestry.waitForPage(event);" title="Ajouter au panier" class="bt-produit-ajout-panier" href="http://www.refonte.auchandirect.fr/rayon.productgridorlist.productlist_1.thumbnailproduct_0.addproducttobasket/102661?t:ac=484">Ajouter au panier</a><a id="addProductToShoppingList_519" onclick="javascript:Tapestry.waitForPage(event);" title="Ajouter à ma liste" class="bt-produit-ajout-liste" href="http://www.refonte.auchandirect.fr/rayon.productgridorlist.productlist_1.thumbnailproduct_0.addproducttoshoppinglist/102661?t:ac=484">Ajouter à ma liste</a></div><div class="infos-produit-1"><div class="prix-actuel"><span>2.66€</span></div></div><div class="infos-produit-2"><a title="Voir le produit" href="../barres-c%25C3%25A9r%25C3%25A9ales-au-chocolat-x-8-+-4-gratuites/id1/484/102661.html"><h2>NESTLE</h2><h4>Barres céréales au chocolat x 8 + 4 gratuites</h4><h4>+ 4 GRATUITES</h4><p>
x 8 + 4 gratuites
<br/>
8.87€/kg
</p></a></div><div class="mini_picto_bas"></div></div></div></td><td><!-- PL : ici --><div class="bloc-produit "><div class="bloc-produit-content"><a title="Voir le produit" href="http://www.refonte.auchandirect.fr/petit-déjeuner-epicerie-sucrée/petit-déjeuner/céréales-chocolat/id1/484/101008"><img src="http://www.refonte.auchandirect.fr/static/images/products/line/101008.jpg" alt="" class="produit "/></a><div class="picto"><span class="invisible"></span></div><div class="boutons-produit"><a id="addProductToBasket_364" onclick="javascript:Tapestry.waitForPage(event);" title="Ajouter au panier" class="bt-produit-ajout-panier" href="http://www.refonte.auchandirect.fr/rayon.productgridorlist.productlist_1.thumbnailproduct_0.addproducttobasket/101008?t:ac=484">Ajouter au panier</a><a id="addProductToShoppingList_520" onclick="javascript:Tapestry.waitForPage(event);" title="Ajouter à ma liste" class="bt-produit-ajout-liste" href="http://www.refonte.auchandirect.fr/rayon.productgridorlist.productlist_1.thumbnailproduct_0.addproducttoshoppinglist/101008?t:ac=484">Ajouter à ma liste</a></div><div class="infos-produit-1"><div class="prix-actuel"><span>2.68€</span></div></div><div class="infos-produit-2"><a title="Voir le produit" href="http://www.refonte.auchandirect.fr/petit-déjeuner-epicerie-sucrée/petit-déjeuner/céréales-chocolat/id1/484/101008"><h2>NESTLE</h2><h4>Céréales chocolat</h4><h4>Nesquik</h4><p>
375 g
<br/>
7.15€/kg
</p></a></div><div class="mini_picto_bas"><img src="http://www.refonte.auchandirect.fr/static/images/DLC-garantie-30j_small.jpg"/></div></div></div></td></tr><tr><td><!-- PL : ici --><div class="bloc-produit "><div class="bloc-produit-content"><a title="Voir le produit" href="http://www.refonte.auchandirect.fr/petit-déjeuner-epicerie-sucrée/petit-déjeuner/céréales-au-miel/id1/484/60505"><img src="http://www.refonte.auchandirect.fr/static/images/products/line/60505.jpg" alt="" class="produit "/></a><div class="picto"><span class="invisible"></span></div><div class="boutons-produit"><a id="addProductToBasket_365" onclick="javascript:Tapestry.waitForPage(event);" title="Ajouter au panier" class="bt-produit-ajout-panier" href="http://www.refonte.auchandirect.fr/rayon.productgridorlist.productlist_1.thumbnailproduct_0.addproducttobasket/60505?t:ac=484">Ajouter au panier</a><a id="addProductToShoppingList_521" onclick="javascript:Tapestry.waitForPage(event);" title="Ajouter à ma liste" class="bt-produit-ajout-liste" href="http://www.refonte.auchandirect.fr/rayon.productgridorlist.productlist_1.thumbnailproduct_0.addproducttoshoppinglist/60505?t:ac=484">Ajouter à ma liste</a></div><div class="infos-produit-1"><div class="prix-actuel"><span>2.61€</span></div></div><div class="infos-produit-2"><a title="Voir le produit" href="http://www.refonte.auchandirect.fr/petit-déjeuner-epicerie-sucrée/petit-déjeuner/céréales-au-miel/id1/484/60505"><h2>NESTLE</h2><h4>Céréales au miel</h4><h4>Cheerios</h4><p>
375 g
<br/>
6.96€/kg
</p></a></div><div class="mini_picto_bas"><img src="http://www.refonte.auchandirect.fr/static/images/DLC-garantie-30j_small.jpg"/></div></div></div></td><td><!-- PL : ici --><div class="bloc-produit  bientot-dispo"><div class="bloc-produit-content"><a title="Voir le produit" href="http://www.refonte.auchandirect.fr/petit-déjeuner-epicerie-sucrée/petit-déjeuner/céréales-au-miel-dorées-au-four/id1/484/100894"><img src="http://www.refonte.auchandirect.fr/static/images/products/line/100894.jpg" alt="" class="produit "/></a><div class="picto"><span class="invisible"></span></div><div class="boutons-produit"><a class="bt-produit-ajout-panier disable" title="Bientôt disponible" href="javascript:void(0)">Bientôt disponible</a><a id="addProductToShoppingList_522" onclick="javascript:Tapestry.waitForPage(event);" title="Ajouter à ma liste" class="bt-produit-ajout-liste" href="http://www.refonte.auchandirect.fr/rayon.productgridorlist.productlist_1.thumbnailproduct_0.addproducttoshoppinglist/100894?t:ac=484">Ajouter à ma liste</a></div><div class="infos-produit-1"><div class="prix-actuel"><span>2.76€</span></div></div><div class="infos-produit-2"><a title="Voir le produit" href="http://www.refonte.auchandirect.fr/petit-déjeuner-epicerie-sucrée/petit-déjeuner/céréales-au-miel-dorées-au-four/id1/484/100894"><h2>NESTLE</h2><h4>Céréales au miel dorées au four</h4><h4>Golden Grahams</h4><p>
375 g
<br/>
7.36€/kg
</p></a></div><div class="mini_picto_bas"><img src="http://www.refonte.auchandirect.fr/static/images/DLC-garantie-30j_small.jpg"/></div></div></div></td><td><!-- PL : ici --><div class="bloc-produit "><div class="bloc-produit-content"><a title="Voir le produit" href="http://www.refonte.auchandirect.fr/petit-déjeuner-epicerie-sucrée/petit-déjeuner/céréales-au-chocolat/id1/484/42990"><img src="http://www.refonte.auchandirect.fr/static/images/products/line/42990.jpg" alt="" class="produit "/></a><div class="picto"><span class="invisible"></span></div><div class="boutons-produit"><a id="addProductToBasket_366" onclick="javascript:Tapestry.waitForPage(event);" title="Ajouter au panier" class="bt-produit-ajout-panier" href="http://www.refonte.auchandirect.fr/rayon.productgridorlist.productlist_1.thumbnailproduct_0.addproducttobasket/42990?t:ac=484">Ajouter au panier</a><a id="addProductToShoppingList_523" onclick="javascript:Tapestry.waitForPage(event);" title="Ajouter à ma liste" class="bt-produit-ajout-liste" href="http://www.refonte.auchandirect.fr/rayon.productgridorlist.productlist_1.thumbnailproduct_0.addproducttoshoppinglist/42990?t:ac=484">Ajouter à ma liste</a></div><div class="infos-produit-1"><div class="prix-actuel"><span>4.20€</span></div></div><div class="infos-produit-2"><a title="Voir le produit" href="http://www.refonte.auchandirect.fr/petit-déjeuner-epicerie-sucrée/petit-déjeuner/céréales-au-chocolat/id1/484/42990"><h2>NESTLE</h2><h4>Céréales au chocolat</h4><h4>Chocapic</h4><p>
750 g
<br/>
5.60€/kg
</p></a></div><div class="mini_picto_bas"><img src="http://www.refonte.auchandirect.fr/static/images/DLC-garantie-30j_small.jpg"/></div></div></div></td></tr><tr><td><!-- PL : ici --><div class="bloc-produit "><div class="bloc-produit-content"><a title="Voir le produit" href="http://www.refonte.auchandirect.fr/petit-déjeuner-epicerie-sucrée/petit-déjeuner/céréales-au-chocolat-au-lait/id1/484/2179"><img src="http://www.refonte.auchandirect.fr/static/images/products/line/2179.jpg" alt="" class="produit "/></a><div class="picto"><span class="invisible"></span></div><div class="boutons-produit"><a id="addProductToBasket_367" onclick="javascript:Tapestry.waitForPage(event);" title="Ajouter au panier" class="bt-produit-ajout-panier" href="http://www.refonte.auchandirect.fr/rayon.productgridorlist.productlist_1.thumbnailproduct_0.addproducttobasket/2179?t:ac=484">Ajouter au panier</a><a id="addProductToShoppingList_524" onclick="javascript:Tapestry.waitForPage(event);" title="Ajouter à ma liste" class="bt-produit-ajout-liste" href="http://www.refonte.auchandirect.fr/rayon.productgridorlist.productlist_1.thumbnailproduct_0.addproducttoshoppinglist/2179?t:ac=484">Ajouter à ma liste</a></div><div class="infos-produit-1"><div class="prix-actuel"><span>2.57€</span></div></div><div class="infos-produit-2"><a title="Voir le produit" href="http://www.refonte.auchandirect.fr/petit-déjeuner-epicerie-sucrée/petit-déjeuner/céréales-au-chocolat-au-lait/id1/484/2179"><h2>NESTLE</h2><h4>Céréales au chocolat au lait</h4><h4>Crunch</h4><p>
375 g
<br/>
6.85€/kg
</p></a></div><div class="mini_picto_bas"><img src="http://www.refonte.auchandirect.fr/static/images/DLC-garantie-30j_small.jpg"/></div></div></div></td><td><!-- PL : ici --><div class="bloc-produit "><div class="bloc-produit-content"><a title="Voir le produit" href="http://www.refonte.auchandirect.fr/petit-déjeuner-epicerie-sucrée/petit-déjeuner/céréales-soufflées-au-chocolat/id1/484/16790"><img src="http://www.refonte.auchandirect.fr/static/images/products/line/16790.jpg" alt="" class="produit "/></a><div class="picto"><span class="invisible"></span></div><div class="boutons-produit"><a id="addProductToBasket_368" onclick="javascript:Tapestry.waitForPage(event);" title="Ajouter au panier" class="bt-produit-ajout-panier" href="http://www.refonte.auchandirect.fr/rayon.productgridorlist.productlist_1.thumbnailproduct_0.addproducttobasket/16790?t:ac=484">Ajouter au panier</a><a id="addProductToShoppingList_525" onclick="javascript:Tapestry.waitForPage(event);" title="Ajouter à ma liste" class="bt-produit-ajout-liste" href="http://www.refonte.auchandirect.fr/rayon.productgridorlist.productlist_1.thumbnailproduct_0.addproducttoshoppinglist/16790?t:ac=484">Ajouter à ma liste</a></div><div class="infos-produit-1"><div class="prix-actuel"><span>2.92€</span></div></div><div class="infos-produit-2"><a title="Voir le produit" href="http://www.refonte.auchandirect.fr/petit-déjeuner-epicerie-sucrée/petit-déjeuner/céréales-soufflées-au-chocolat/id1/484/16790"><h2>NESTLE</h2><h4>Céréales soufflées au chocolat</h4><h4>Cookie crisp</h4><p>
375 g
<br/>
7.79€/kg
</p></a></div><div class="mini_picto_bas"><img src="http://www.refonte.auchandirect.fr/static/images/DLC-garantie-30j_small.jpg"/></div></div></div></td><td><!-- PL : ici --><div class="bloc-produit  bientot-dispo"><div class="bloc-produit-content"><a title="Voir le produit" href="http://www.refonte.auchandirect.fr/petit-déjeuner-epicerie-sucrée/petit-déjeuner/céréales-goût-pâte-à-tartiner-choco-noisettes/id1/484/24694"><img src="http://www.refonte.auchandirect.fr/static/images/products/line/24694.jpg" alt="" class="produit "/></a><div class="picto"><span class="invisible"></span></div><div class="boutons-produit"><a class="bt-produit-ajout-panier disable" title="Bientôt disponible" href="javascript:void(0)">Bientôt disponible</a><a id="addProductToShoppingList_526" onclick="javascript:Tapestry.waitForPage(event);" title="Ajouter à ma liste" class="bt-produit-ajout-liste" href="http://www.refonte.auchandirect.fr/rayon.productgridorlist.productlist_1.thumbnailproduct_0.addproducttoshoppinglist/24694?t:ac=484">Ajouter à ma liste</a></div><div class="infos-produit-1"><div class="prix-actuel"><span>2.50€</span></div></div><div class="infos-produit-2"><a title="Voir le produit" href="http://www.refonte.auchandirect.fr/petit-déjeuner-epicerie-sucrée/petit-déjeuner/céréales-goût-pâte-à-tartiner-choco-noisettes/id1/484/24694"><h2>NESTLE</h2><h4>Céréales goût pâte à tartiner choco noisettes</h4><h4>Chokella</h4><p>
350 g
<br/>
7.14€/kg
</p></a></div><div class="mini_picto_bas"><img src="http://www.refonte.auchandirect.fr/static/images/DLC-garantie-30j_small.jpg"/></div></div></div></td></tr><tr><td><!-- PL : ici --><div class="bloc-produit "><div class="bloc-produit-content"><a title="Voir le produit" href="http://www.refonte.auchandirect.fr/petit-déjeuner-epicerie-sucrée/petit-déjeuner/céréales-au-blé-aux-2-chocolats/id1/484/32390"><img src="http://www.refonte.auchandirect.fr/static/images/products/line/32390.jpg" alt="" class="produit "/></a><div class="picto"><span class="invisible"></span></div><div class="boutons-produit"><a id="addProductToBasket_369" onclick="javascript:Tapestry.waitForPage(event);" title="Ajouter au panier" class="bt-produit-ajout-panier" href="http://www.refonte.auchandirect.fr/rayon.productgridorlist.productlist_1.thumbnailproduct_0.addproducttobasket/32390?t:ac=484">Ajouter au panier</a><a id="addProductToShoppingList_527" onclick="javascript:Tapestry.waitForPage(event);" title="Ajouter à ma liste" class="bt-produit-ajout-liste" href="http://www.refonte.auchandirect.fr/rayon.productgridorlist.productlist_1.thumbnailproduct_0.addproducttoshoppinglist/32390?t:ac=484">Ajouter à ma liste</a></div><div class="infos-produit-1"><div class="prix-actuel"><span>2.69€</span></div></div><div class="infos-produit-2"><a title="Voir le produit" href="http://www.refonte.auchandirect.fr/petit-déjeuner-epicerie-sucrée/petit-déjeuner/céréales-au-blé-aux-2-chocolats/id1/484/32390"><h2>NESTLE</h2><h4>Céréales au blé aux 2 chocolats</h4><h4>Chocapic duo</h4><p>
325 g
<br/>
8.28€/kg
</p></a></div><div class="mini_picto_bas"><img src="http://www.refonte.auchandirect.fr/static/images/DLC-garantie-30j_small.jpg"/></div></div></div></td><td><!-- PL : ici --><div class="bloc-produit "><div class="bloc-produit-content"><a title="Voir le produit" href="http://www.refonte.auchandirect.fr/petit-déjeuner-epicerie-sucrée/petit-déjeuner/céréales-au-caramel-et-au-chocolat/id1/484/77577"><img src="http://www.refonte.auchandirect.fr/static/images/products/line/77577.jpg" alt="" class="produit "/></a><div class="picto"><span class="invisible"></span></div><div class="boutons-produit"><a id="addProductToBasket_370" onclick="javascript:Tapestry.waitForPage(event);" title="Ajouter au panier" class="bt-produit-ajout-panier" href="http://www.refonte.auchandirect.fr/rayon.productgridorlist.productlist_1.thumbnailproduct_0.addproducttobasket/77577?t:ac=484">Ajouter au panier</a><a id="addProductToShoppingList_528" onclick="javascript:Tapestry.waitForPage(event);" title="Ajouter à ma liste" class="bt-produit-ajout-liste" href="http://www.refonte.auchandirect.fr/rayon.productgridorlist.productlist_1.thumbnailproduct_0.addproducttoshoppinglist/77577?t:ac=484">Ajouter à ma liste</a></div><div class="infos-produit-1"><div class="prix-actuel"><span>3.16€</span></div></div><div class="infos-produit-2"><a title="Voir le produit" href="http://www.refonte.auchandirect.fr/petit-déjeuner-epicerie-sucrée/petit-déjeuner/céréales-au-caramel-et-au-chocolat/id1/484/77577"><h2>NESTLE</h2><h4>Céréales au caramel et au chocolat</h4><h4>Lion</h4><p>
480 g
<br/>
6.58€/kg
</p></a></div><div class="mini_picto_bas"></div></div></div></td><td><!-- PL : ici --><div class="bloc-produit  bientot-dispo"><div class="bloc-produit-content"><a title="Voir le produit" href="http://www.refonte.auchandirect.fr/petit-déjeuner-epicerie-sucrée/petit-déjeuner/céréales-lot-de-2+1-gratuit/id1/484/104200"><img src="http://www.refonte.auchandirect.fr/static/images/products/line/104200.jpg" alt="" class="produit "/></a><div class="picto"><span class="invisible"></span></div><div class="boutons-produit"><a class="bt-produit-ajout-panier disable" title="Bientôt disponible" href="javascript:void(0)">Bientôt disponible</a><a id="addProductToShoppingList_529" onclick="javascript:Tapestry.waitForPage(event);" title="Ajouter à ma liste" class="bt-produit-ajout-liste" href="http://www.refonte.auchandirect.fr/rayon.productgridorlist.productlist_1.thumbnailproduct_0.addproducttoshoppinglist/104200?t:ac=484">Ajouter à ma liste</a></div><div class="infos-produit-1"><div class="prix-actuel"><span>3.75€</span></div></div><div class="infos-produit-2"><a title="Voir le produit" href="http://www.refonte.auchandirect.fr/petit-déjeuner-epicerie-sucrée/petit-déjeuner/céréales-lot-de-2+1-gratuit/id1/484/104200"><h2>NESTLE</h2><h4>Céréales lot de 2+1 gratuit</h4><h4>Nesquik</h4><p>
1.05 kg
<br/>
3.57€/kg
</p></a></div><div class="mini_picto_bas"></div></div></div></td></tr><tr><td><!-- PL : ici --><div class="bloc-produit "><div class="bloc-produit-content"><a title="Voir le produit" href="http://www.refonte.auchandirect.fr/petit-déjeuner-epicerie-sucrée/petit-déjeuner/pétales-de-blé-complet-et-sélection-de-fruits/id1/484/3142"><img src="http://www.refonte.auchandirect.fr/static/images/products/line/3142.jpg" alt="" class="produit "/></a><div class="picto"><span class="invisible"></span></div><div class="boutons-produit"><a id="addProductToBasket_371" onclick="javascript:Tapestry.waitForPage(event);" title="Ajouter au panier" class="bt-produit-ajout-panier" href="http://www.refonte.auchandirect.fr/rayon.productgridorlist.productlist_1.thumbnailproduct_0.addproducttobasket/3142?t:ac=484">Ajouter au panier</a><a id="addProductToShoppingList_530" onclick="javascript:Tapestry.waitForPage(event);" title="Ajouter à ma liste" class="bt-produit-ajout-liste" href="http://www.refonte.auchandirect.fr/rayon.productgridorlist.productlist_1.thumbnailproduct_0.addproducttoshoppinglist/3142?t:ac=484">Ajouter à ma liste</a></div><div class="infos-produit-1"><div class="prix-actuel"><span>3.53€</span></div></div><div class="infos-produit-2"><a title="Voir le produit" href="http://www.refonte.auchandirect.fr/petit-déjeuner-epicerie-sucrée/petit-déjeuner/pétales-de-blé-complet-et-sélection-de-fruits/id1/484/3142"><h2>NESTLE</h2><h4>Pétales de blé complet et sélection de fruits</h4><h4>Fitness</h4><p>
375 g
<br/>
9.41€/kg
</p></a></div><div class="mini_picto_bas"><img src="http://www.refonte.auchandirect.fr/static/images/DLC-garantie-30j_small.jpg"/></div></div></div></td><td><!-- PL : ici --><div class="bloc-produit "><div class="bloc-produit-content"><a title="Voir le produit" href="http://www.refonte.auchandirect.fr/petit-déjeuner-epicerie-sucrée/petit-déjeuner/pétales-de-blé-complet/id1/484/3140"><img src="http://www.refonte.auchandirect.fr/static/images/products/line/3140.jpg" alt="" class="produit "/></a><div class="picto"><span class="invisible"></span></div><div class="boutons-produit"><a id="addProductToBasket_372" onclick="javascript:Tapestry.waitForPage(event);" title="Ajouter au panier" class="bt-produit-ajout-panier" href="http://www.refonte.auchandirect.fr/rayon.productgridorlist.productlist_1.thumbnailproduct_0.addproducttobasket/3140?t:ac=484">Ajouter au panier</a><a id="addProductToShoppingList_531" onclick="javascript:Tapestry.waitForPage(event);" title="Ajouter à ma liste" class="bt-produit-ajout-liste" href="http://www.refonte.auchandirect.fr/rayon.productgridorlist.productlist_1.thumbnailproduct_0.addproducttoshoppinglist/3140?t:ac=484">Ajouter à ma liste</a></div><div class="infos-produit-1"><div class="prix-actuel"><span>2.57€</span></div></div><div class="infos-produit-2"><a title="Voir le produit" href="http://www.refonte.auchandirect.fr/petit-déjeuner-epicerie-sucrée/petit-déjeuner/pétales-de-blé-complet/id1/484/3140"><h2>NESTLE</h2><h4>Pétales de blé complet</h4><h4>Fitness</h4><p>
375 g
<br/>
6.85€/kg
</p></a></div><div class="mini_picto_bas"><img src="http://www.refonte.auchandirect.fr/static/images/DLC-garantie-30j_small.jpg"/></div></div></div></td><td><!-- PL : ici --><div class="bloc-produit "><div class="bloc-produit-content"><a title="Voir le produit" href="http://www.refonte.auchandirect.fr/petit-déjeuner-epicerie-sucrée/petit-déjeuner/pétales-de-blé-complet-au-miel-et-amandes/id1/484/52632"><img src="http://www.refonte.auchandirect.fr/static/images/products/line/52632.jpg" alt="" class="produit "/></a><div class="picto"><span class="invisible"></span></div><div class="boutons-produit"><a id="addProductToBasket_373" onclick="javascript:Tapestry.waitForPage(event);" title="Ajouter au panier" class="bt-produit-ajout-panier" href="http://www.refonte.auchandirect.fr/rayon.productgridorlist.productlist_1.thumbnailproduct_0.addproducttobasket/52632?t:ac=484">Ajouter au panier</a><a id="addProductToShoppingList_532" onclick="javascript:Tapestry.waitForPage(event);" title="Ajouter à ma liste" class="bt-produit-ajout-liste" href="http://www.refonte.auchandirect.fr/rayon.productgridorlist.productlist_1.thumbnailproduct_0.addproducttoshoppinglist/52632?t:ac=484">Ajouter à ma liste</a></div><div class="infos-produit-1"><div class="prix-actuel"><span>3.47€</span></div></div><div class="infos-produit-2"><a title="Voir le produit" href="http://www.refonte.auchandirect.fr/petit-déjeuner-epicerie-sucrée/petit-déjeuner/pétales-de-blé-complet-au-miel-et-amandes/id1/484/52632"><h2>NESTLE</h2><h4>Pétales de blé complet au miel et amandes</h4><h4>Fitness</h4><p>
355 g
<br/>
9.77€/kg
</p></a></div><div class="mini_picto_bas"><img src="http://www.refonte.auchandirect.fr/static/images/DLC-garantie-30j_small.jpg"/></div></div></div></td></tr><tr><td><!-- PL : ici --><div class="bloc-produit "><div class="bloc-produit-content"><a title="Voir le produit" href="http://www.refonte.auchandirect.fr/petit-déjeuner-epicerie-sucrée/petit-déjeuner/pétales-de-blé-complet-et-au-chocolat/id1/484/16314"><img src="http://www.refonte.auchandirect.fr/static/images/products/line/16314.jpg" alt="" class="produit "/></a><div class="picto"><span class="invisible"></span></div><div class="boutons-produit"><a id="addProductToBasket_374" onclick="javascript:Tapestry.waitForPage(event);" title="Ajouter au panier" class="bt-produit-ajout-panier" href="http://www.refonte.auchandirect.fr/rayon.productgridorlist.productlist_1.thumbnailproduct_0.addproducttobasket/16314?t:ac=484">Ajouter au panier</a><a id="addProductToShoppingList_533" onclick="javascript:Tapestry.waitForPage(event);" title="Ajouter à ma liste" class="bt-produit-ajout-liste" href="http://www.refonte.auchandirect.fr/rayon.productgridorlist.productlist_1.thumbnailproduct_0.addproducttoshoppinglist/16314?t:ac=484">Ajouter à ma liste</a></div><div class="infos-produit-1"><div class="prix-actuel"><span>3.53€</span></div></div><div class="infos-produit-2"><a title="Voir le produit" href="http://www.refonte.auchandirect.fr/petit-déjeuner-epicerie-sucrée/petit-déjeuner/pétales-de-blé-complet-et-au-chocolat/id1/484/16314"><h2>NESTLE</h2><h4>Pétales de blé complet et au chocolat</h4><h4>Fitness</h4><p>
375 g
<br/>
9.41€/kg
</p></a></div><div class="mini_picto_bas"><img src="http://www.refonte.auchandirect.fr/static/images/DLC-garantie-30j_small.jpg"/></div></div></div></td><td><!-- PL : ici --><div class="bloc-produit "><div class="bloc-produit-content"><a title="Voir le produit" href="http://www.refonte.auchandirect.fr/petit-déjeuner-epicerie-sucrée/desserts,-ingrédients/lait-concentré-en-tube/id1/486/26340"><img src="http://www.refonte.auchandirect.fr/static/images/products/line/26340.jpg" alt="" class="produit "/></a><div class="picto"><span class="invisible"></span></div><div class="boutons-produit"><a id="addProductToBasket_375" onclick="javascript:Tapestry.waitForPage(event);" title="Ajouter au panier" class="bt-produit-ajout-panier" href="http://www.refonte.auchandirect.fr/rayon.productgridorlist.productlist_1.thumbnailproduct_0.addproducttobasket/26340?t:ac=484">Ajouter au panier</a><a id="addProductToShoppingList_534" onclick="javascript:Tapestry.waitForPage(event);" title="Ajouter à ma liste" class="bt-produit-ajout-liste" href="http://www.refonte.auchandirect.fr/rayon.productgridorlist.productlist_1.thumbnailproduct_0.addproducttoshoppinglist/26340?t:ac=484">Ajouter à ma liste</a></div><div class="infos-produit-1"><div class="prix-actuel"><span>2.16€</span></div></div><div class="infos-produit-2"><a title="Voir le produit" href="http://www.refonte.auchandirect.fr/petit-déjeuner-epicerie-sucrée/desserts,-ingrédients/lait-concentré-en-tube/id1/486/26340"><h2>NESTLE</h2><h4>Lait concentré en tube</h4><h4></h4><p>
2 x 170 g
<br/>
6.35€/kg
</p></a></div><div class="mini_picto_bas"><img src="http://www.refonte.auchandirect.fr/static/images/DLC-garantie-30j_small.jpg"/></div></div></div></td><td><!-- PL : ici --><div class="bloc-produit "><div class="bloc-produit-content"><a title="Voir le produit" href="http://www.refonte.auchandirect.fr/petit-déjeuner-epicerie-sucrée/desserts,-ingrédients/lait-concentré-1/2-écrémé-non-sucré-pour-cuisiner/id1/486/100181"><img src="http://www.refonte.auchandirect.fr/static/images/products/line/100181.jpg" alt="" class="produit "/></a><div class="picto"><span class="invisible"></span></div><div class="boutons-produit"><a id="addProductToBasket_376" onclick="javascript:Tapestry.waitForPage(event);" title="Ajouter au panier" class="bt-produit-ajout-panier" href="http://www.refonte.auchandirect.fr/rayon.productgridorlist.productlist_1.thumbnailproduct_0.addproducttobasket/100181?t:ac=484">Ajouter au panier</a><a id="addProductToShoppingList_535" onclick="javascript:Tapestry.waitForPage(event);" title="Ajouter à ma liste" class="bt-produit-ajout-liste" href="http://www.refonte.auchandirect.fr/rayon.productgridorlist.productlist_1.thumbnailproduct_0.addproducttoshoppinglist/100181?t:ac=484">Ajouter à ma liste</a></div><div class="infos-produit-1"><div class="prix-actuel"><span>3.65€</span></div></div><div class="infos-produit-2"><a title="Voir le produit" href="http://www.refonte.auchandirect.fr/petit-déjeuner-epicerie-sucrée/desserts,-ingrédients/lait-concentré-1/2-écrémé-non-sucré-pour-cuisiner/id1/486/100181"><h2>NESTLE</h2><h4>Lait concentré 1/2 écrémé non sucré pour cuisiner</h4><h4>Gloria</h4><p>
3 x 410 g
<br/>
2.97€/kg
</p></a></div><div class="mini_picto_bas"><img src="http://www.refonte.auchandirect.fr/static/images/DLC-garantie-30j_small.jpg"/></div></div></div></td></tr><tr><td><!-- PL : ici --><div class="bloc-produit "><div class="bloc-produit-content"><a title="Voir le produit" href="http://www.refonte.auchandirect.fr/petit-déjeuner-epicerie-sucrée/desserts,-ingrédients/lait-concentré/id1/486/100416"><img src="http://www.refonte.auchandirect.fr/static/images/products/line/100416.jpg" alt="" class="produit "/></a><div class="picto"><span class="invisible"></span></div><div class="boutons-produit"><a id="addProductToBasket_377" onclick="javascript:Tapestry.waitForPage(event);" title="Ajouter au panier" class="bt-produit-ajout-panier" href="http://www.refonte.auchandirect.fr/rayon.productgridorlist.productlist_1.thumbnailproduct_0.addproducttobasket/100416?t:ac=484">Ajouter au panier</a><a id="addProductToShoppingList_536" onclick="javascript:Tapestry.waitForPage(event);" title="Ajouter à ma liste" class="bt-produit-ajout-liste" href="http://www.refonte.auchandirect.fr/rayon.productgridorlist.productlist_1.thumbnailproduct_0.addproducttoshoppinglist/100416?t:ac=484">Ajouter à ma liste</a></div><div class="infos-produit-1"><div class="prix-actuel"><span>1.98€</span></div></div><div class="infos-produit-2"><a title="Voir le produit" href="http://www.refonte.auchandirect.fr/petit-déjeuner-epicerie-sucrée/desserts,-ingrédients/lait-concentré/id1/486/100416"><h2>NESTLE</h2><h4>Lait concentré</h4><h4>Sucré</h4><p>
397 g
<br/>
4.99€/kg
</p></a></div><div class="mini_picto_bas"><img src="http://www.refonte.auchandirect.fr/static/images/DLC-garantie-30j_small.jpg"/></div></div></div></td><td><!-- PL : ici --><div class="bloc-produit "><div class="bloc-produit-content"><a title="Voir le produit" href="http://www.refonte.auchandirect.fr/petit-déjeuner-epicerie-sucrée/petit-déjeuner/pâte-à-tartiner-noisettes/id1/484/101025"><img src="http://www.refonte.auchandirect.fr/static/images/products/line/101025.jpg" alt="" class="produit "/></a><div class="picto"><span class="invisible"></span></div><div class="boutons-produit"><a id="addProductToBasket_378" onclick="javascript:Tapestry.waitForPage(event);" title="Ajouter au panier" class="bt-produit-ajout-panier" href="http://www.refonte.auchandirect.fr/rayon.productgridorlist.productlist_1.thumbnailproduct_0.addproducttobasket/101025?t:ac=484">Ajouter au panier</a><a id="addProductToShoppingList_537" onclick="javascript:Tapestry.waitForPage(event);" title="Ajouter à ma liste" class="bt-produit-ajout-liste" href="http://www.refonte.auchandirect.fr/rayon.productgridorlist.productlist_1.thumbnailproduct_0.addproducttoshoppinglist/101025?t:ac=484">Ajouter à ma liste</a></div><div class="infos-produit-1"><div class="prix-actuel"><span>3.94€</span></div></div><div class="infos-produit-2"><a title="Voir le produit" href="http://www.refonte.auchandirect.fr/petit-déjeuner-epicerie-sucrée/petit-déjeuner/pâte-à-tartiner-noisettes/id1/484/101025"><h2>NUTELLA</h2><h4>Pâte à tartiner noisettes</h4><h4></h4><p>
750 g
<br/>
5.25€/kg
</p></a></div><div class="mini_picto_bas"><img src="http://www.refonte.auchandirect.fr/static/images/DLC-garantie-30j_small.jpg"/></div></div></div></td><td><!-- PL : ici --><div class="bloc-produit "><div class="bloc-produit-content"><a title="Voir le produit" href="http://www.refonte.auchandirect.fr/petit-déjeuner-epicerie-sucrée/petit-déjeuner/pâte-à-tartiner-noisettes/id1/484/100397"><img src="http://www.refonte.auchandirect.fr/static/images/products/line/100397.jpg" alt="" class="produit "/></a><div class="picto"><span class="invisible"></span></div><div class="boutons-produit"><a id="addProductToBasket_379" onclick="javascript:Tapestry.waitForPage(event);" title="Ajouter au panier" class="bt-produit-ajout-panier" href="http://www.refonte.auchandirect.fr/rayon.productgridorlist.productlist_1.thumbnailproduct_0.addproducttobasket/100397?t:ac=484">Ajouter au panier</a><a id="addProductToShoppingList_538" onclick="javascript:Tapestry.waitForPage(event);" title="Ajouter à ma liste" class="bt-produit-ajout-liste" href="http://www.refonte.auchandirect.fr/rayon.productgridorlist.productlist_1.thumbnailproduct_0.addproducttoshoppinglist/100397?t:ac=484">Ajouter à ma liste</a></div><div class="infos-produit-1"><div class="prix-actuel"><span>1.99€</span></div></div><div class="infos-produit-2"><a title="Voir le produit" href="http://www.refonte.auchandirect.fr/petit-déjeuner-epicerie-sucrée/petit-déjeuner/pâte-à-tartiner-noisettes/id1/484/100397"><h2>NUTELLA</h2><h4>Pâte à tartiner noisettes</h4><h4></h4><p>
220 g
<br/>
9.05€/kg
</p></a></div><div class="mini_picto_bas"><img src="http://www.refonte.auchandirect.fr/static/images/DLC-garantie-30j_small.jpg"/></div></div></div></td></tr><tr><td><!-- PL : ici --><div class="bloc-produit "><div class="bloc-produit-content"><a title="Voir le produit" href="http://www.refonte.auchandirect.fr/petit-déjeuner-epicerie-sucrée/petit-déjeuner/pâte-à-tartiner-noisettes/id1/484/100013"><img src="http://www.refonte.auchandirect.fr/static/images/products/line/100013.jpg" alt="" class="produit "/></a><div class="picto"><span class="invisible"></span></div><div class="boutons-produit"><a id="addProductToBasket_380" onclick="javascript:Tapestry.waitForPage(event);" title="Ajouter au panier" class="bt-produit-ajout-panier" href="http://www.refonte.auchandirect.fr/rayon.productgridorlist.productlist_1.thumbnailproduct_0.addproducttobasket/100013?t:ac=484">Ajouter au panier</a><a id="addProductToShoppingList_539" onclick="javascript:Tapestry.waitForPage(event);" title="Ajouter à ma liste" class="bt-produit-ajout-liste" href="http://www.refonte.auchandirect.fr/rayon.productgridorlist.productlist_1.thumbnailproduct_0.addproducttoshoppinglist/100013?t:ac=484">Ajouter à ma liste</a></div><div class="infos-produit-1"><div class="prix-actuel"><span>2.71€</span></div></div><div class="infos-produit-2"><a title="Voir le produit" href="http://www.refonte.auchandirect.fr/petit-déjeuner-epicerie-sucrée/petit-déjeuner/pâte-à-tartiner-noisettes/id1/484/100013"><h2>NUTELLA</h2><h4>Pâte à tartiner noisettes</h4><h4></h4><p>
400 g
<br/>
6.78€/kg
</p></a></div><div class="mini_picto_bas"><img src="http://www.refonte.auchandirect.fr/static/images/DLC-garantie-30j_small.jpg"/></div></div></div></td><td><!-- PL : ici --><div class="bloc-produit "><div class="bloc-produit-content"><a title="Voir le produit" href="http://www.refonte.auchandirect.fr/petit-déjeuner-epicerie-sucrée/petit-déjeuner/préparation-instantanée-céréales-et-chocolat/id1/484/101065"><img src="http://www.refonte.auchandirect.fr/static/images/products/line/101065.jpg" alt="" class="produit "/></a><div class="picto"><span class="invisible"></span></div><div class="boutons-produit"><a id="addProductToBasket_381" onclick="javascript:Tapestry.waitForPage(event);" title="Ajouter au panier" class="bt-produit-ajout-panier" href="http://www.refonte.auchandirect.fr/rayon.productgridorlist.productlist_1.thumbnailproduct_0.addproducttobasket/101065?t:ac=484">Ajouter au panier</a><a id="addProductToShoppingList_540" onclick="javascript:Tapestry.waitForPage(event);" title="Ajouter à ma liste" class="bt-produit-ajout-liste" href="http://www.refonte.auchandirect.fr/rayon.productgridorlist.productlist_1.thumbnailproduct_0.addproducttoshoppinglist/101065?t:ac=484">Ajouter à ma liste</a></div><div class="infos-produit-1"><div class="prix-actuel"><span>3.80€</span></div></div><div class="infos-produit-2"><a title="Voir le produit" href="http://www.refonte.auchandirect.fr/petit-déjeuner-epicerie-sucrée/petit-déjeuner/préparation-instantanée-céréales-et-chocolat/id1/484/101065"><h2>OVOMALTINE</h2><h4>Préparation instantanée céréales et chocolat</h4><h4></h4><p>
400 g
<br/>
9.50€/kg
</p></a></div><div class="mini_picto_bas"><img src="http://www.refonte.auchandirect.fr/static/images/DLC-garantie-30j_small.jpg"/></div></div></div></td><td><!-- PL : ici --><div class="bloc-produit "><div class="bloc-produit-content"><a title="Voir le produit" href="http://www.refonte.auchandirect.fr/petit-déjeuner-epicerie-sucrée/petit-déjeuner/pâte-à-tartiner/id1/484/61218"><img src="http://www.refonte.auchandirect.fr/static/images/products/line/61218.jpg" alt="" class="produit "/></a><div class="picto"><span class="invisible"></span></div><div class="boutons-produit"><a id="addProductToBasket_382" onclick="javascript:Tapestry.waitForPage(event);" title="Ajouter au panier" class="bt-produit-ajout-panier" href="http://www.refonte.auchandirect.fr/rayon.productgridorlist.productlist_1.thumbnailproduct_0.addproducttobasket/61218?t:ac=484">Ajouter au panier</a><a id="addProductToShoppingList_541" onclick="javascript:Tapestry.waitForPage(event);" title="Ajouter à ma liste" class="bt-produit-ajout-liste" href="http://www.refonte.auchandirect.fr/rayon.productgridorlist.productlist_1.thumbnailproduct_0.addproducttoshoppinglist/61218?t:ac=484">Ajouter à ma liste</a></div><div class="infos-produit-1"><div class="prix-actuel"><span>2.86€</span></div></div><div class="infos-produit-2"><a title="Voir le produit" href="http://www.refonte.auchandirect.fr/petit-déjeuner-epicerie-sucrée/petit-déjeuner/pâte-à-tartiner/id1/484/61218"><h2>OVOMALTINE</h2><h4>Pâte à tartiner</h4><h4>Crunchy</h4><p>
400 g
<br/>
7.15€/kg
</p></a></div><div class="mini_picto_bas"><img src="http://www.refonte.auchandirect.fr/static/images/DLC-garantie-30j_small.jpg"/></div></div></div></td></tr><tr><td><!-- PL : ici --><div class="bloc-produit "><div class="bloc-produit-content"><a title="Voir le produit" href="http://www.refonte.auchandirect.fr/boissons/jus,-softs/boisson-orange/carotte/citron/id1/476/56265"><img src="http://www.refonte.auchandirect.fr/static/images/products/line/56265.jpg" alt="" class="produit "/></a><div class="picto"><span class="invisible"></span></div><div class="boutons-produit"><a id="addProductToBasket_383" onclick="javascript:Tapestry.waitForPage(event);" title="Ajouter au panier" class="bt-produit-ajout-panier" href="http://www.refonte.auchandirect.fr/rayon.productgridorlist.productlist_1.thumbnailproduct_0.addproducttobasket/56265?t:ac=484">Ajouter au panier</a><a id="addProductToShoppingList_542" onclick="javascript:Tapestry.waitForPage(event);" title="Ajouter à ma liste" class="bt-produit-ajout-liste" href="http://www.refonte.auchandirect.fr/rayon.productgridorlist.productlist_1.thumbnailproduct_0.addproducttoshoppinglist/56265?t:ac=484">Ajouter à ma liste</a></div><div class="infos-produit-1"><div class="prix-actuel"><span>2.70€</span></div></div><div class="infos-produit-2"><a title="Voir le produit" href="http://www.refonte.auchandirect.fr/boissons/jus,-softs/boisson-orange/carotte/citron/id1/476/56265"><h2>PAGO</h2><h4>Boisson orange/carotte/citron</h4><h4></h4><p>
75 cl
<br/>
3.60€/l
</p></a></div><div class="mini_picto_bas"></div></div></div></td><td><!-- PL : ici --><div class="bloc-produit "><div class="bloc-produit-content"><a title="Voir le produit" href="http://www.refonte.auchandirect.fr/boissons/jus,-softs/cocktail-rouge-multivitaminé/id1/476/56569"><img src="http://www.refonte.auchandirect.fr/static/images/products/line/56569.jpg" alt="" class="produit "/></a><div class="picto"><span class="invisible"></span></div><div class="boutons-produit"><a id="addProductToBasket_384" onclick="javascript:Tapestry.waitForPage(event);" title="Ajouter au panier" class="bt-produit-ajout-panier" href="http://www.refonte.auchandirect.fr/rayon.productgridorlist.productlist_1.thumbnailproduct_0.addproducttobasket/56569?t:ac=484">Ajouter au panier</a><a id="addProductToShoppingList_543" onclick="javascript:Tapestry.waitForPage(event);" title="Ajouter à ma liste" class="bt-produit-ajout-liste" href="http://www.refonte.auchandirect.fr/rayon.productgridorlist.productlist_1.thumbnailproduct_0.addproducttoshoppinglist/56569?t:ac=484">Ajouter à ma liste</a></div><div class="infos-produit-1"><div class="prix-actuel"><span>2.76€</span></div></div><div class="infos-produit-2"><a title="Voir le produit" href="http://www.refonte.auchandirect.fr/boissons/jus,-softs/cocktail-rouge-multivitaminé/id1/476/56569"><h2>PAGO</h2><h4>Cocktail rouge multivitaminé</h4><h4></h4><p>
75 cl
<br/>
3.68€/l
</p></a></div><div class="mini_picto_bas"></div></div></div></td><td><!-- PL : ici --><div class="bloc-produit "><div class="bloc-produit-content"><a title="Voir le produit" href="http://www.refonte.auchandirect.fr/boissons/jus,-softs/boisson-fraise/id1/476/56263"><img src="http://www.refonte.auchandirect.fr/static/images/products/line/56263.jpg" alt="" class="produit "/></a><div class="picto"><span class="invisible"></span></div><div class="boutons-produit"><a id="addProductToBasket_385" onclick="javascript:Tapestry.waitForPage(event);" title="Ajouter au panier" class="bt-produit-ajout-panier" href="http://www.refonte.auchandirect.fr/rayon.productgridorlist.productlist_1.thumbnailproduct_0.addproducttobasket/56263?t:ac=484">Ajouter au panier</a><a id="addProductToShoppingList_544" onclick="javascript:Tapestry.waitForPage(event);" title="Ajouter à ma liste" class="bt-produit-ajout-liste" href="http://www.refonte.auchandirect.fr/rayon.productgridorlist.productlist_1.thumbnailproduct_0.addproducttoshoppinglist/56263?t:ac=484">Ajouter à ma liste</a></div><div class="infos-produit-1"><div class="prix-actuel"><span>2.58€</span></div></div><div class="infos-produit-2"><a title="Voir le produit" href="http://www.refonte.auchandirect.fr/boissons/jus,-softs/boisson-fraise/id1/476/56263"><h2>PAGO</h2><h4>Boisson fraise</h4><h4></h4><p>
75 cl
<br/>
3.44€/l
</p></a></div><div class="mini_picto_bas"></div></div></div></td></tr><tr><td><!-- PL : ici --><div class="bloc-produit "><div class="bloc-produit-content"><a title="Voir le produit" href="http://www.refonte.auchandirect.fr/boissons/jus,-softs/nectar-de-10-fruits-/-10-vitamines/id1/476/33709"><img src="http://www.refonte.auchandirect.fr/static/images/products/line/33709.jpg" alt="" class="produit "/></a><div class="picto"><span class="invisible"></span></div><div class="boutons-produit"><a id="addProductToBasket_386" onclick="javascript:Tapestry.waitForPage(event);" title="Ajouter au panier" class="bt-produit-ajout-panier" href="http://www.refonte.auchandirect.fr/rayon.productgridorlist.productlist_1.thumbnailproduct_0.addproducttobasket/33709?t:ac=484">Ajouter au panier</a><a id="addProductToShoppingList_545" onclick="javascript:Tapestry.waitForPage(event);" title="Ajouter à ma liste" class="bt-produit-ajout-liste" href="http://www.refonte.auchandirect.fr/rayon.productgridorlist.productlist_1.thumbnailproduct_0.addproducttoshoppinglist/33709?t:ac=484">Ajouter à ma liste</a></div><div class="infos-produit-1"><div class="prix-actuel"><span>2.61€</span></div></div><div class="infos-produit-2"><a title="Voir le produit" href="http://www.refonte.auchandirect.fr/boissons/jus,-softs/nectar-de-10-fruits-/-10-vitamines/id1/476/33709"><h2>PAMPRYL</h2><h4>Nectar de 10 fruits / 10 vitamines</h4><h4></h4><p>
1 l
<br/>
2.61€/l
</p></a></div><div class="mini_picto_bas"></div></div></div></td><td><!-- PL : ici --><div class="bloc-produit "><div class="bloc-produit-content"><a title="Voir le produit" href="http://www.refonte.auchandirect.fr/boissons/jus,-softs/pur-jus-de-raisin-et-muscat/id1/476/1655"><img src="http://www.refonte.auchandirect.fr/static/images/products/line/1655.jpg" alt="" class="produit "/></a><div class="picto"><span class="invisible"></span></div><div class="boutons-produit"><a id="addProductToBasket_387" onclick="javascript:Tapestry.waitForPage(event);" title="Ajouter au panier" class="bt-produit-ajout-panier" href="http://www.refonte.auchandirect.fr/rayon.productgridorlist.productlist_1.thumbnailproduct_0.addproducttobasket/1655?t:ac=484">Ajouter au panier</a><a id="addProductToShoppingList_546" onclick="javascript:Tapestry.waitForPage(event);" title="Ajouter à ma liste" class="bt-produit-ajout-liste" href="http://www.refonte.auchandirect.fr/rayon.productgridorlist.productlist_1.thumbnailproduct_0.addproducttoshoppinglist/1655?t:ac=484">Ajouter à ma liste</a></div><div class="infos-produit-1"><div class="prix-actuel"><span>2.33€</span></div></div><div class="infos-produit-2"><a title="Voir le produit" href="http://www.refonte.auchandirect.fr/boissons/jus,-softs/pur-jus-de-raisin-et-muscat/id1/476/1655"><h2>PAMPRYL</h2><h4>Pur jus de raisin et muscat</h4><h4></h4><p>
1 l
<br/>
2.33€/l
</p></a></div><div class="mini_picto_bas"></div></div></div></td><td><!-- PL : ici --><div class="bloc-produit "><div class="bloc-produit-content"><a title="Voir le produit" href="http://www.refonte.auchandirect.fr/petit-déjeuner-epicerie-sucrée/petit-déjeuner/pain-wrap-x-6/id1/484/58619"><img src="http://www.refonte.auchandirect.fr/static/images/products/line/58619.jpg" alt="" class="produit "/></a><div class="picto"><span class="invisible"></span></div><div class="boutons-produit"><a id="addProductToBasket_388" onclick="javascript:Tapestry.waitForPage(event);" title="Ajouter au panier" class="bt-produit-ajout-panier" href="http://www.refonte.auchandirect.fr/rayon.productgridorlist.productlist_1.thumbnailproduct_0.addproducttobasket/58619?t:ac=484">Ajouter au panier</a><a id="addProductToShoppingList_547" onclick="javascript:Tapestry.waitForPage(event);" title="Ajouter à ma liste" class="bt-produit-ajout-liste" href="http://www.refonte.auchandirect.fr/rayon.productgridorlist.productlist_1.thumbnailproduct_0.addproducttoshoppinglist/58619?t:ac=484">Ajouter à ma liste</a></div><div class="infos-produit-1"><div class="prix-actuel"><span>3.10€</span></div></div><div class="infos-produit-2"><a title="Voir le produit" href="http://www.refonte.auchandirect.fr/petit-déjeuner-epicerie-sucrée/petit-déjeuner/pain-wrap-x-6/id1/484/58619"><h2>PANORIENT</h2><h4>Pain wrap x 6</h4><h4></h4><p>
370 g
<br/>
8.38€/kg
</p></a></div><div class="mini_picto_bas"><img alt="frais" src="http://www.refonte.auchandirect.fr/static/images/frais_small.jpg"/><img src="http://www.refonte.auchandirect.fr/static/images/DLC-garantie-6j_small.jpg"/></div></div></div></td></tr><tr><td><!-- PL : ici --><div class="bloc-produit "><div class="bloc-produit-content"><a title="Voir le produit" href="http://www.refonte.auchandirect.fr/petit-déjeuner-epicerie-sucrée/petit-déjeuner/pain-paninis-x-4/id1/484/43116"><img src="http://www.refonte.auchandirect.fr/static/images/products/line/43116.jpg" alt="" class="produit "/></a><div class="picto"><span class="invisible"></span></div><div class="boutons-produit"><a id="addProductToBasket_389" onclick="javascript:Tapestry.waitForPage(event);" title="Ajouter au panier" class="bt-produit-ajout-panier" href="http://www.refonte.auchandirect.fr/rayon.productgridorlist.productlist_1.thumbnailproduct_0.addproducttobasket/43116?t:ac=484">Ajouter au panier</a><a id="addProductToShoppingList_548" onclick="javascript:Tapestry.waitForPage(event);" title="Ajouter à ma liste" class="bt-produit-ajout-liste" href="http://www.refonte.auchandirect.fr/rayon.productgridorlist.productlist_1.thumbnailproduct_0.addproducttoshoppinglist/43116?t:ac=484">Ajouter à ma liste</a></div><div class="infos-produit-1"><div class="prix-actuel"><span>3.10€</span></div></div><div class="infos-produit-2"><a title="Voir le produit" href="http://www.refonte.auchandirect.fr/petit-déjeuner-epicerie-sucrée/petit-déjeuner/pain-paninis-x-4/id1/484/43116"><h2>PANORIENT</h2><h4>Pain paninis x 4</h4><h4></h4><p>
250 g
<br/>
12.40€/kg
</p></a></div><div class="mini_picto_bas"><img alt="frais" src="http://www.refonte.auchandirect.fr/static/images/frais_small.jpg"/><img src="http://www.refonte.auchandirect.fr/static/images/DLC-garantie-6j_small.jpg"/></div></div></div></td><td><!-- PL : ici --><div class="bloc-produit "><div class="bloc-produit-content"><a title="Voir le produit" href="http://www.refonte.auchandirect.fr/petit-déjeuner-epicerie-sucrée/petit-déjeuner/pancakes-x-10/id1/484/9153"><img src="http://www.refonte.auchandirect.fr/static/images/products/line/9153.jpg" alt="" class="produit "/></a><div class="picto"><span class="invisible"></span></div><div class="boutons-produit"><a id="addProductToBasket_390" onclick="javascript:Tapestry.waitForPage(event);" title="Ajouter au panier" class="bt-produit-ajout-panier" href="http://www.refonte.auchandirect.fr/rayon.productgridorlist.productlist_1.thumbnailproduct_0.addproducttobasket/9153?t:ac=484">Ajouter au panier</a><a id="addProductToShoppingList_549" onclick="javascript:Tapestry.waitForPage(event);" title="Ajouter à ma liste" class="bt-produit-ajout-liste" href="http://www.refonte.auchandirect.fr/rayon.productgridorlist.productlist_1.thumbnailproduct_0.addproducttoshoppinglist/9153?t:ac=484">Ajouter à ma liste</a></div><div class="infos-produit-1"><div class="prix-actuel"><span>2.30€</span></div></div><div class="infos-produit-2"><a title="Voir le produit" href="http://www.refonte.auchandirect.fr/petit-déjeuner-epicerie-sucrée/petit-déjeuner/pancakes-x-10/id1/484/9153"><h2>PASQUIER</h2><h4>Pancakes x 10</h4><h4></h4><p>
350 g
<br/>
6.57€/kg
</p></a></div><div class="mini_picto_bas"><img src="http://www.refonte.auchandirect.fr/static/images/DLC-garantie-6j_small.jpg"/></div></div></div></td><td><!-- PL : ici --><div class="bloc-produit  bientot-dispo"><div class="bloc-produit-content"><a title="Voir le produit" href="http://www.refonte.auchandirect.fr/petit-déjeuner-epicerie-sucrée/petit-déjeuner/brioche-tranchée/id1/484/4217"><img src="http://www.refonte.auchandirect.fr/static/images/products/line/4217.jpg" alt="" class="produit "/></a><div class="picto"><span class="invisible"></span></div><div class="boutons-produit"><a class="bt-produit-ajout-panier disable" title="Bientôt disponible" href="javascript:void(0)">Bientôt disponible</a><a id="addProductToShoppingList_550" onclick="javascript:Tapestry.waitForPage(event);" title="Ajouter à ma liste" class="bt-produit-ajout-liste" href="http://www.refonte.auchandirect.fr/rayon.productgridorlist.productlist_1.thumbnailproduct_0.addproducttoshoppinglist/4217?t:ac=484">Ajouter à ma liste</a></div><div class="infos-produit-1"><div class="prix-actuel"><span>2.30€</span></div></div><div class="infos-produit-2"><a title="Voir le produit" href="http://www.refonte.auchandirect.fr/petit-déjeuner-epicerie-sucrée/petit-déjeuner/brioche-tranchée/id1/484/4217"><h2>PASQUIER</h2><h4>Brioche tranchée</h4><h4>Au levain</h4><p>
500 g
<br/>
4.60€/kg
</p></a></div><div class="mini_picto_bas"><img alt="frais" src="http://www.refonte.auchandirect.fr/static/images/frais_small.jpg"/><img src="http://www.refonte.auchandirect.fr/static/images/DLC-garantie-6j_small.jpg"/></div></div></div></td></tr><tr><td><!-- PL : ici --><div class="bloc-produit  bientot-dispo"><div class="bloc-produit-content"><a title="Voir le produit" href="http://www.refonte.auchandirect.fr/petit-déjeuner-epicerie-sucrée/petit-déjeuner/brioche-aux-pépites-de-chocolat/id1/484/6722"><img src="http://www.refonte.auchandirect.fr/static/images/products/line/6722.jpg" alt="" class="produit "/></a><div class="picto"><span class="invisible"></span></div><div class="boutons-produit"><a class="bt-produit-ajout-panier disable" title="Bientôt disponible" href="javascript:void(0)">Bientôt disponible</a><a id="addProductToShoppingList_551" onclick="javascript:Tapestry.waitForPage(event);" title="Ajouter à ma liste" class="bt-produit-ajout-liste" href="http://www.refonte.auchandirect.fr/rayon.productgridorlist.productlist_1.thumbnailproduct_0.addproducttoshoppinglist/6722?t:ac=484">Ajouter à ma liste</a></div><div class="infos-produit-1"><div class="prix-actuel"><span>2.95€</span></div></div><div class="infos-produit-2"><a title="Voir le produit" href="http://www.refonte.auchandirect.fr/petit-déjeuner-epicerie-sucrée/petit-déjeuner/brioche-aux-pépites-de-chocolat/id1/484/6722"><h2>PASQUIER</h2><h4>Brioche aux pépites de chocolat</h4><h4></h4><p>
600 g
<br/>
4.92€/kg
</p></a></div><div class="mini_picto_bas"><img alt="frais" src="http://www.refonte.auchandirect.fr/static/images/frais_small.jpg"/><img src="http://www.refonte.auchandirect.fr/static/images/DLC-garantie-6j_small.jpg"/></div></div></div></td><td><!-- PL : ici --><div class="bloc-produit  bientot-dispo"><div class="bloc-produit-content"><a title="Voir le produit" href="http://www.refonte.auchandirect.fr/petit-déjeuner-epicerie-sucrée/petit-déjeuner/croissants-x-12/id1/484/4219"><img src="http://www.refonte.auchandirect.fr/static/images/products/line/4219.jpg" alt="" class="produit "/></a><div class="picto"><span class="invisible"></span></div><div class="boutons-produit"><a class="bt-produit-ajout-panier disable" title="Bientôt disponible" href="javascript:void(0)">Bientôt disponible</a><a id="addProductToShoppingList_552" onclick="javascript:Tapestry.waitForPage(event);" title="Ajouter à ma liste" class="bt-produit-ajout-liste" href="http://www.refonte.auchandirect.fr/rayon.productgridorlist.productlist_1.thumbnailproduct_0.addproducttoshoppinglist/4219?t:ac=484">Ajouter à ma liste</a></div><div class="infos-produit-1"><div class="prix-actuel"><span>2.99€</span></div></div><div class="infos-produit-2"><a title="Voir le produit" href="http://www.refonte.auchandirect.fr/petit-déjeuner-epicerie-sucrée/petit-déjeuner/croissants-x-12/id1/484/4219"><h2>PASQUIER</h2><h4>Croissants x 12</h4><h4></h4><p>
480 g
<br/>
6.23€/kg
</p></a></div><div class="mini_picto_bas"><img src="http://www.refonte.auchandirect.fr/static/images/DLC-garantie-6j_small.jpg"/></div></div></div></td><td><!-- PL : ici --><div class="bloc-produit "><div class="bloc-produit-content"><a title="Voir le produit" href="http://www.refonte.auchandirect.fr/petit-déjeuner-epicerie-sucrée/petit-déjeuner/pains-au-chocolat-x-8/id1/484/6721"><img src="http://www.refonte.auchandirect.fr/static/images/products/line/6721.jpg" alt="" class="produit "/></a><div class="picto"><span class="invisible"></span></div><div class="boutons-produit"><a id="addProductToBasket_391" onclick="javascript:Tapestry.waitForPage(event);" title="Ajouter au panier" class="bt-produit-ajout-panier" href="http://www.refonte.auchandirect.fr/rayon.productgridorlist.productlist_1.thumbnailproduct_0.addproducttobasket/6721?t:ac=484">Ajouter au panier</a><a id="addProductToShoppingList_553" onclick="javascript:Tapestry.waitForPage(event);" title="Ajouter à ma liste" class="bt-produit-ajout-liste" href="http://www.refonte.auchandirect.fr/rayon.productgridorlist.productlist_1.thumbnailproduct_0.addproducttoshoppinglist/6721?t:ac=484">Ajouter à ma liste</a></div><div class="infos-produit-1"><div class="prix-actuel"><span>2.40€</span></div></div><div class="infos-produit-2"><a title="Voir le produit" href="http://www.refonte.auchandirect.fr/petit-déjeuner-epicerie-sucrée/petit-déjeuner/pains-au-chocolat-x-8/id1/484/6721"><h2>PASQUIER</h2><h4>Pains au chocolat x 8</h4><h4></h4><p>
360 g
<br/>
6.67€/kg
</p></a></div><div class="mini_picto_bas"><img alt="frais" src="http://www.refonte.auchandirect.fr/static/images/frais_small.jpg"/><img src="http://www.refonte.auchandirect.fr/static/images/DLC-garantie-6j_small.jpg"/></div></div></div></td></tr><tr><td><!-- PL : ici --><div class="bloc-produit "><div class="bloc-produit-content"><a title="Voir le produit" href="http://www.refonte.auchandirect.fr/petit-déjeuner-epicerie-sucrée/petit-déjeuner/brioches-fourrés-chocolat-x-8/id1/484/4221"><img src="http://www.refonte.auchandirect.fr/static/images/products/line/4221.jpg" alt="" class="produit "/></a><div class="picto"><span class="invisible"></span></div><div class="boutons-produit"><a id="addProductToBasket_392" onclick="javascript:Tapestry.waitForPage(event);" title="Ajouter au panier" class="bt-produit-ajout-panier" href="http://www.refonte.auchandirect.fr/rayon.productgridorlist.productlist_1.thumbnailproduct_0.addproducttobasket/4221?t:ac=484">Ajouter au panier</a><a id="addProductToShoppingList_554" onclick="javascript:Tapestry.waitForPage(event);" title="Ajouter à ma liste" class="bt-produit-ajout-liste" href="http://www.refonte.auchandirect.fr/rayon.productgridorlist.productlist_1.thumbnailproduct_0.addproducttoshoppinglist/4221?t:ac=484">Ajouter à ma liste</a></div><div class="infos-produit-1"><div class="prix-actuel"><span>2.30€</span></div></div><div class="infos-produit-2"><a title="Voir le produit" href="http://www.refonte.auchandirect.fr/petit-déjeuner-epicerie-sucrée/petit-déjeuner/brioches-fourrés-chocolat-x-8/id1/484/4221"><h2>PASQUIER</h2><h4>Brioches fourrés chocolat x 8</h4><h4>Pitch</h4><p>
310 g
<br/>
7.42€/kg
</p></a></div><div class="mini_picto_bas"><img src="http://www.refonte.auchandirect.fr/static/images/DLC-garantie-6j_small.jpg"/></div></div></div></td><td><!-- PL : ici --><div class="bloc-produit "><div class="bloc-produit-content"><a title="Voir le produit" href="http://www.refonte.auchandirect.fr/petit-déjeuner-epicerie-sucrée/petit-déjeuner/muffins-nature-x-6/id1/484/60894"><img src="http://www.refonte.auchandirect.fr/static/images/products/line/60894.jpg" alt="" class="produit "/></a><div class="picto"><span class="invisible"></span></div><div class="boutons-produit"><a id="addProductToBasket_393" onclick="javascript:Tapestry.waitForPage(event);" title="Ajouter au panier" class="bt-produit-ajout-panier" href="http://www.refonte.auchandirect.fr/rayon.productgridorlist.productlist_1.thumbnailproduct_0.addproducttobasket/60894?t:ac=484">Ajouter au panier</a><a id="addProductToShoppingList_555" onclick="javascript:Tapestry.waitForPage(event);" title="Ajouter à ma liste" class="bt-produit-ajout-liste" href="http://www.refonte.auchandirect.fr/rayon.productgridorlist.productlist_1.thumbnailproduct_0.addproducttoshoppinglist/60894?t:ac=484">Ajouter à ma liste</a></div><div class="infos-produit-1"><div class="prix-actuel"><span>2.39€</span></div></div><div class="infos-produit-2"><a title="Voir le produit" href="http://www.refonte.auchandirect.fr/petit-déjeuner-epicerie-sucrée/petit-déjeuner/muffins-nature-x-6/id1/484/60894"><h2>PASQUIER</h2><h4>Muffins nature x 6</h4><h4></h4><p>
300 g
<br/>
7.97€/kg
</p></a></div><div class="mini_picto_bas"><img alt="frais" src="http://www.refonte.auchandirect.fr/static/images/frais_small.jpg"/><img src="http://www.refonte.auchandirect.fr/static/images/DLC-garantie-6j_small.jpg"/></div></div></div></td><td><!-- PL : ici --><div class="bloc-produit  bientot-dispo"><div class="bloc-produit-content"><a title="Voir le produit" href="http://www.refonte.auchandirect.fr/petit-déjeuner-epicerie-sucrée/petit-déjeuner/brioches-fourrées-x-8/id1/484/19025"><img src="http://www.refonte.auchandirect.fr/static/images/products/line/19025.jpg" alt="" class="produit "/></a><div class="picto"><span class="invisible"></span></div><div class="boutons-produit"><a class="bt-produit-ajout-panier disable" title="Bientôt disponible" href="javascript:void(0)">Bientôt disponible</a><a id="addProductToShoppingList_556" onclick="javascript:Tapestry.waitForPage(event);" title="Ajouter à ma liste" class="bt-produit-ajout-liste" href="http://www.refonte.auchandirect.fr/rayon.productgridorlist.productlist_1.thumbnailproduct_0.addproducttoshoppinglist/19025?t:ac=484">Ajouter à ma liste</a></div><div class="infos-produit-1"><div class="prix-actuel"><span>2.30€</span></div></div><div class="infos-produit-2"><a title="Voir le produit" href="http://www.refonte.auchandirect.fr/petit-déjeuner-epicerie-sucrée/petit-déjeuner/brioches-fourrées-x-8/id1/484/19025"><h2>PASQUIER</h2><h4>Brioches fourrées x 8</h4><h4>Pitch fraise</h4><p>
310 g
<br/>
7.42€/kg
</p></a></div><div class="mini_picto_bas"><img alt="frais" src="http://www.refonte.auchandirect.fr/static/images/frais_small.jpg"/><img src="http://www.refonte.auchandirect.fr/static/images/DLC-garantie-6j_small.jpg"/></div></div></div></td></tr><tr><td><!-- PL : ici --><div class="bloc-produit  bientot-dispo"><div class="bloc-produit-content"><a title="Voir le produit" href="http://www.refonte.auchandirect.fr/petit-déjeuner-epicerie-sucrée/petit-déjeuner/briochettes/id1/484/22053"><img src="http://www.refonte.auchandirect.fr/static/images/products/line/22053.jpg" alt="" class="produit "/></a><div class="picto"><span class="invisible"></span></div><div class="boutons-produit"><a class="bt-produit-ajout-panier disable" title="Bientôt disponible" href="javascript:void(0)">Bientôt disponible</a><a id="addProductToShoppingList_557" onclick="javascript:Tapestry.waitForPage(event);" title="Ajouter à ma liste" class="bt-produit-ajout-liste" href="http://www.refonte.auchandirect.fr/rayon.productgridorlist.productlist_1.thumbnailproduct_0.addproducttoshoppinglist/22053?t:ac=484">Ajouter à ma liste</a></div><div class="infos-produit-1"><div class="prix-actuel"><span>2.50€</span></div></div><div class="infos-produit-2"><a title="Voir le produit" href="http://www.refonte.auchandirect.fr/petit-déjeuner-epicerie-sucrée/petit-déjeuner/briochettes/id1/484/22053"><h2>PASQUIER</h2><h4>Briochettes</h4><h4></h4><p>
480 g
<br/>
5.21€/kg
</p></a></div><div class="mini_picto_bas"><img src="http://www.refonte.auchandirect.fr/static/images/DLC-garantie-6j_small.jpg"/></div></div></div></td><td><!-- PL : ici --><div class="bloc-produit  bientot-dispo"><div class="bloc-produit-content"><a title="Voir le produit" href="http://www.refonte.auchandirect.fr/petit-déjeuner-epicerie-sucrée/petit-déjeuner/pains-au-lait-aux-pépites-de-chocolat-x-10/id1/484/23806"><img src="http://www.refonte.auchandirect.fr/static/images/products/line/23806.jpg" alt="" class="produit "/></a><div class="picto"><span class="invisible"></span></div><div class="boutons-produit"><a class="bt-produit-ajout-panier disable" title="Bientôt disponible" href="javascript:void(0)">Bientôt disponible</a><a id="addProductToShoppingList_558" onclick="javascript:Tapestry.waitForPage(event);" title="Ajouter à ma liste" class="bt-produit-ajout-liste" href="http://www.refonte.auchandirect.fr/rayon.productgridorlist.productlist_1.thumbnailproduct_0.addproducttoshoppinglist/23806?t:ac=484">Ajouter à ma liste</a></div><div class="infos-produit-1"><div class="prix-actuel"><span>2.30€</span></div></div><div class="infos-produit-2"><a title="Voir le produit" href="http://www.refonte.auchandirect.fr/petit-déjeuner-epicerie-sucrée/petit-déjeuner/pains-au-lait-aux-pépites-de-chocolat-x-10/id1/484/23806"><h2>PASQUIER</h2><h4>Pains au lait aux pépites de chocolat x 10</h4><h4></h4><p>
350 g
<br/>
6.57€/kg
</p></a></div><div class="mini_picto_bas"><img alt="frais" src="http://www.refonte.auchandirect.fr/static/images/frais_small.jpg"/><img src="http://www.refonte.auchandirect.fr/static/images/DLC-garantie-6j_small.jpg"/></div></div></div></td><td><!-- PL : ici --><div class="bloc-produit "><div class="bloc-produit-content"><a title="Voir le produit" href="http://www.refonte.auchandirect.fr/petit-déjeuner-epicerie-sucrée/petit-déjeuner/biochettes-aux-pépites-de-chocolat-x-8/id1/484/37917"><img src="http://www.refonte.auchandirect.fr/static/images/products/line/37917.jpg" alt="" class="produit "/></a><div class="picto"><span class="invisible"></span></div><div class="boutons-produit"><a id="addProductToBasket_394" onclick="javascript:Tapestry.waitForPage(event);" title="Ajouter au panier" class="bt-produit-ajout-panier" href="http://www.refonte.auchandirect.fr/rayon.productgridorlist.productlist_1.thumbnailproduct_0.addproducttobasket/37917?t:ac=484">Ajouter au panier</a><a id="addProductToShoppingList_559" onclick="javascript:Tapestry.waitForPage(event);" title="Ajouter à ma liste" class="bt-produit-ajout-liste" href="http://www.refonte.auchandirect.fr/rayon.productgridorlist.productlist_1.thumbnailproduct_0.addproducttoshoppinglist/37917?t:ac=484">Ajouter à ma liste</a></div><div class="infos-produit-1"><div class="prix-actuel"><span>2.30€</span></div></div><div class="infos-produit-2"><a title="Voir le produit" href="http://www.refonte.auchandirect.fr/petit-déjeuner-epicerie-sucrée/petit-déjeuner/biochettes-aux-pépites-de-chocolat-x-8/id1/484/37917"><h2>PASQUIER</h2><h4>Biochettes aux pépites de chocolat x 8</h4><h4>Pitch pépites</h4><p>
300 g
<br/>
7.67€/kg
</p></a></div><div class="mini_picto_bas"><img alt="frais" src="http://www.refonte.auchandirect.fr/static/images/frais_small.jpg"/><img src="http://www.refonte.auchandirect.fr/static/images/DLC-garantie-6j_small.jpg"/></div></div></div></td></tr><tr><td><!-- PL : ici --><div class="bloc-produit "><div class="bloc-produit-content"><a title="Voir le produit" href="http://www.refonte.auchandirect.fr/petit-déjeuner-epicerie-sucrée/petit-déjeuner/beignets-fourrés-pomme-x-8/id1/484/39652"><img src="http://www.refonte.auchandirect.fr/static/images/products/line/39652.jpg" alt="" class="produit "/></a><div class="picto"><span class="invisible"></span></div><div class="boutons-produit"><a id="addProductToBasket_395" onclick="javascript:Tapestry.waitForPage(event);" title="Ajouter au panier" class="bt-produit-ajout-panier" href="http://www.refonte.auchandirect.fr/rayon.productgridorlist.productlist_1.thumbnailproduct_0.addproducttobasket/39652?t:ac=484">Ajouter au panier</a><a id="addProductToShoppingList_560" onclick="javascript:Tapestry.waitForPage(event);" title="Ajouter à ma liste" class="bt-produit-ajout-liste" href="http://www.refonte.auchandirect.fr/rayon.productgridorlist.productlist_1.thumbnailproduct_0.addproducttoshoppinglist/39652?t:ac=484">Ajouter à ma liste</a></div><div class="infos-produit-1"><div class="prix-actuel"><span>2.50€</span></div></div><div class="infos-produit-2"><a title="Voir le produit" href="http://www.refonte.auchandirect.fr/petit-déjeuner-epicerie-sucrée/petit-déjeuner/beignets-fourrés-pomme-x-8/id1/484/39652"><h2>PASQUIER</h2><h4>Beignets fourrés pomme x 8</h4><h4>Pitch</h4><p>
350 g
<br/>
7.14€/kg
</p></a></div><div class="mini_picto_bas"><img alt="frais" src="http://www.refonte.auchandirect.fr/static/images/frais_small.jpg"/><img src="http://www.refonte.auchandirect.fr/static/images/DLC-garantie-6j_small.jpg"/></div></div></div></td><td><!-- PL : ici --><div class="bloc-produit  bientot-dispo"><div class="bloc-produit-content"><a title="Voir le produit" href="http://www.refonte.auchandirect.fr/petit-déjeuner-epicerie-sucrée/petit-déjeuner/pains-au-lait-x-10/id1/484/4223"><img src="http://www.refonte.auchandirect.fr/static/images/products/line/4223.jpg" alt="" class="produit "/></a><div class="picto"><span class="invisible"></span></div><div class="boutons-produit"><a class="bt-produit-ajout-panier disable" title="Bientôt disponible" href="javascript:void(0)">Bientôt disponible</a><a id="addProductToShoppingList_561" onclick="javascript:Tapestry.waitForPage(event);" title="Ajouter à ma liste" class="bt-produit-ajout-liste" href="http://www.refonte.auchandirect.fr/rayon.productgridorlist.productlist_1.thumbnailproduct_0.addproducttoshoppinglist/4223?t:ac=484">Ajouter à ma liste</a></div><div class="infos-produit-1"><div class="prix-actuel"><span>1.90€</span></div></div><div class="infos-produit-2"><a title="Voir le produit" href="http://www.refonte.auchandirect.fr/petit-déjeuner-epicerie-sucrée/petit-déjeuner/pains-au-lait-x-10/id1/484/4223"><h2>PASQUIER</h2><h4>Pains au lait x 10</h4><h4></h4><p>
350 g
<br/>
5.43€/kg
</p></a></div><div class="mini_picto_bas"><img alt="frais" src="http://www.refonte.auchandirect.fr/static/images/frais_small.jpg"/><img src="http://www.refonte.auchandirect.fr/static/images/DLC-garantie-6j_small.jpg"/></div></div></div></td><td><!-- PL : ici --><div class="bloc-produit "><div class="bloc-produit-content"><a title="Voir le produit" href="http://www.refonte.auchandirect.fr/petit-déjeuner-epicerie-sucrée/petit-déjeuner/pain-au-lait-x-10/id1/484/35669"><img src="http://www.refonte.auchandirect.fr/static/images/products/line/35669.jpg" alt="" class="produit "/></a><div class="picto"><span class="invisible"></span></div><div class="boutons-produit"><a id="addProductToBasket_396" onclick="javascript:Tapestry.waitForPage(event);" title="Ajouter au panier" class="bt-produit-ajout-panier" href="http://www.refonte.auchandirect.fr/rayon.productgridorlist.productlist_1.thumbnailproduct_0.addproducttobasket/35669?t:ac=484">Ajouter au panier</a><a id="addProductToShoppingList_562" onclick="javascript:Tapestry.waitForPage(event);" title="Ajouter à ma liste" class="bt-produit-ajout-liste" href="http://www.refonte.auchandirect.fr/rayon.productgridorlist.productlist_1.thumbnailproduct_0.addproducttoshoppinglist/35669?t:ac=484">Ajouter à ma liste</a></div><div class="infos-produit-1"><div class="prix-actuel"><span>3.50€</span></div></div><div class="infos-produit-2"><a title="Voir le produit" href="http://www.refonte.auchandirect.fr/petit-déjeuner-epicerie-sucrée/petit-déjeuner/pain-au-lait-x-10/id1/484/35669"><h2>PASQUIER</h2><h4>Pain au lait x 10</h4><h4></h4><p>
350 g
<br/>
5.00€/kg
</p></a></div><div class="mini_picto_bas"><img alt="frais" src="http://www.refonte.auchandirect.fr/static/images/frais_small.jpg"/></div></div></div></td></tr><tr><td><!-- PL : ici --><div class="bloc-produit "><div class="bloc-produit-content"><a title="Voir le produit" href="http://www.refonte.auchandirect.fr/petit-déjeuner-epicerie-sucrée/petit-déjeuner/tranches-de-biscottes-x-100/id1/484/40185"><img src="http://www.refonte.auchandirect.fr/static/images/products/line/40185.jpg" alt="" class="produit "/></a><div class="picto"><span class="invisible"></span></div><div class="boutons-produit"><a id="addProductToBasket_397" onclick="javascript:Tapestry.waitForPage(event);" title="Ajouter au panier" class="bt-produit-ajout-panier" href="http://www.refonte.auchandirect.fr/rayon.productgridorlist.productlist_1.thumbnailproduct_0.addproducttobasket/40185?t:ac=484">Ajouter au panier</a><a id="addProductToShoppingList_563" onclick="javascript:Tapestry.waitForPage(event);" title="Ajouter à ma liste" class="bt-produit-ajout-liste" href="http://www.refonte.auchandirect.fr/rayon.productgridorlist.productlist_1.thumbnailproduct_0.addproducttoshoppinglist/40185?t:ac=484">Ajouter à ma liste</a></div><div class="infos-produit-1"><div class="prix-actuel"><span>1.52€</span></div></div><div class="infos-produit-2"><a title="Voir le produit" href="http://www.refonte.auchandirect.fr/petit-déjeuner-epicerie-sucrée/petit-déjeuner/tranches-de-biscottes-x-100/id1/484/40185"><h2>POUCE</h2><h4>Tranches de biscottes x 100</h4><h4></h4><p>
750 g
<br/>
2.03€/kg
</p></a></div><div class="mini_picto_bas"><img alt="marque-pouce" src="http://www.refonte.auchandirect.fr/static/images/marque-pouce_small.jpg"/></div></div></div></td><td><!-- PL : ici --><div class="bloc-produit "><div class="bloc-produit-content"><a title="Voir le produit" href="http://www.refonte.auchandirect.fr/petit-déjeuner-epicerie-sucrée/petit-déjeuner/confiture-de-fruits/id1/484/40663"><img src="http://www.refonte.auchandirect.fr/static/images/products/line/40663.jpg" alt="" class="produit "/></a><div class="picto"><span class="invisible"></span></div><div class="boutons-produit"><a id="addProductToBasket_398" onclick="javascript:Tapestry.waitForPage(event);" title="Ajouter au panier" class="bt-produit-ajout-panier" href="http://www.refonte.auchandirect.fr/rayon.productgridorlist.productlist_1.thumbnailproduct_0.addproducttobasket/40663?t:ac=484">Ajouter au panier</a><a id="addProductToShoppingList_564" onclick="javascript:Tapestry.waitForPage(event);" title="Ajouter à ma liste" class="bt-produit-ajout-liste" href="http://www.refonte.auchandirect.fr/rayon.productgridorlist.productlist_1.thumbnailproduct_0.addproducttoshoppinglist/40663?t:ac=484">Ajouter à ma liste</a></div><div class="infos-produit-1"><div class="prix-actuel"><span>0.69€</span></div></div><div class="infos-produit-2"><a title="Voir le produit" href="http://www.refonte.auchandirect.fr/petit-déjeuner-epicerie-sucrée/petit-déjeuner/confiture-de-fruits/id1/484/40663"><h2>POUCE</h2><h4>Confiture de fruits</h4><h4>Fraise</h4><p>
450 g
<br/>
1.53€/kg
</p></a></div><div class="mini_picto_bas"><img alt="marque-pouce" src="http://www.refonte.auchandirect.fr/static/images/marque-pouce_small.jpg"/></div></div></div></td><td><!-- PL : ici --><div class="bloc-produit  bientot-dispo"><div class="bloc-produit-content"><a title="Voir le produit" href="http://www.refonte.auchandirect.fr/boissons/jus,-softs/jus-d'ananas/id1/476/42162"><img src="http://www.refonte.auchandirect.fr/static/images/products/line/42162.jpg" alt="" class="produit "/></a><div class="picto"><span class="invisible"></span></div><div class="boutons-produit"><a class="bt-produit-ajout-panier disable" title="Bientôt disponible" href="javascript:void(0)">Bientôt disponible</a><a id="addProductToShoppingList_565" onclick="javascript:Tapestry.waitForPage(event);" title="Ajouter à ma liste" class="bt-produit-ajout-liste" href="http://www.refonte.auchandirect.fr/rayon.productgridorlist.productlist_1.thumbnailproduct_0.addproducttoshoppinglist/42162?t:ac=484">Ajouter à ma liste</a></div><div class="infos-produit-1"><div class="prix-actuel"><span>0.70€</span></div></div><div class="infos-produit-2"><a title="Voir le produit" href="http://www.refonte.auchandirect.fr/boissons/jus,-softs/jus-d'ananas/id1/476/42162"><h2>POUCE</h2><h4>Jus d'ananas</h4><h4></h4><p>
1 l
<br/>
0.70€/l
</p></a></div><div class="mini_picto_bas"><img alt="marque-pouce" src="http://www.refonte.auchandirect.fr/static/images/marque-pouce_small.jpg"/></div></div></div></td></tr><tr><td><!-- PL : ici --><div class="bloc-produit  bientot-dispo"><div class="bloc-produit-content"><a title="Voir le produit" href="../../../boissons/jus,-softs/pur-jus-d'orange-avec-pulpe/id1/476/39841.html"><img src="http://www.refonte.auchandirect.fr/static/images/products/line/39841.jpg" alt="" class="produit "/></a><div class="picto"><span class="invisible"></span></div><div class="boutons-produit"><a class="bt-produit-ajout-panier disable" title="Bientôt disponible" href="javascript:void(0)">Bientôt disponible</a><a id="addProductToShoppingList_566" onclick="javascript:Tapestry.waitForPage(event);" title="Ajouter à ma liste" class="bt-produit-ajout-liste" href="http://www.refonte.auchandirect.fr/rayon.productgridorlist.productlist_1.thumbnailproduct_0.addproducttoshoppinglist/39841?t:ac=484">Ajouter à ma liste</a></div><div class="infos-produit-1"><div class="prix-actuel"><span>1.21€</span></div></div><div class="infos-produit-2"><a title="Voir le produit" href="../../../boissons/jus,-softs/pur-jus-d'orange-avec-pulpe/id1/476/39841.html"><h2>POUCE</h2><h4>Pur jus d'orange avec pulpe</h4><h4></h4><p>
1 l
<br/>
1.21€/l
</p></a></div><div class="mini_picto_bas"><img alt="frais" src="http://www.refonte.auchandirect.fr/static/images/frais_small.jpg"/><img src="http://www.refonte.auchandirect.fr/static/images/DLC-garantie-6j_small.jpg"/><img alt="marque-pouce" src="http://www.refonte.auchandirect.fr/static/images/marque-pouce_small.jpg"/></div></div></div></td><td><!-- PL : ici --><div class="bloc-produit "><div class="bloc-produit-content"><a title="Voir le produit" href="http://www.refonte.auchandirect.fr/boissons/jus,-softs/nectar-multivitaminé/id1/476/41535"><img src="http://www.refonte.auchandirect.fr/static/images/products/line/41535.jpg" alt="" class="produit "/></a><div class="picto"><span class="invisible"></span></div><div class="boutons-produit"><a id="addProductToBasket_399" onclick="javascript:Tapestry.waitForPage(event);" title="Ajouter au panier" class="bt-produit-ajout-panier" href="http://www.refonte.auchandirect.fr/rayon.productgridorlist.productlist_1.thumbnailproduct_0.addproducttobasket/41535?t:ac=484">Ajouter au panier</a><a id="addProductToShoppingList_567" onclick="javascript:Tapestry.waitForPage(event);" title="Ajouter à ma liste" class="bt-produit-ajout-liste" href="http://www.refonte.auchandirect.fr/rayon.productgridorlist.productlist_1.thumbnailproduct_0.addproducttoshoppinglist/41535?t:ac=484">Ajouter à ma liste</a></div><div class="infos-produit-1"><div class="prix-actuel"><span>0.64€</span></div></div><div class="infos-produit-2"><a title="Voir le produit" href="http://www.refonte.auchandirect.fr/boissons/jus,-softs/nectar-multivitaminé/id1/476/41535"><h2>POUCE</h2><h4>Nectar multivitaminé</h4><h4></h4><p>
1 l
<br/>
0.64€/l
</p></a></div><div class="mini_picto_bas"><img alt="marque-pouce" src="http://www.refonte.auchandirect.fr/static/images/marque-pouce_small.jpg"/></div></div></div></td><td><!-- PL : ici --><div class="bloc-produit "><div class="bloc-produit-content"><a title="Voir le produit" href="http://www.refonte.auchandirect.fr/boissons/jus,-softs/nectar-de-jus-d'orange/id1/476/45460"><img src="http://www.refonte.auchandirect.fr/static/images/products/line/45460.jpg" alt="" class="produit "/></a><div class="picto"><span class="invisible"></span></div><div class="boutons-produit"><a id="addProductToBasket_400" onclick="javascript:Tapestry.waitForPage(event);" title="Ajouter au panier" class="bt-produit-ajout-panier" href="http://www.refonte.auchandirect.fr/rayon.productgridorlist.productlist_1.thumbnailproduct_0.addproducttobasket/45460?t:ac=484">Ajouter au panier</a><a id="addProductToShoppingList_568" onclick="javascript:Tapestry.waitForPage(event);" title="Ajouter à ma liste" class="bt-produit-ajout-liste" href="http://www.refonte.auchandirect.fr/rayon.productgridorlist.productlist_1.thumbnailproduct_0.addproducttoshoppinglist/45460?t:ac=484">Ajouter à ma liste</a></div><div class="infos-produit-1"><div class="prix-actuel"><span>1.30€</span></div></div><div class="infos-produit-2"><a title="Voir le produit" href="http://www.refonte.auchandirect.fr/boissons/jus,-softs/nectar-de-jus-d'orange/id1/476/45460"><h2>POUCE</h2><h4>Nectar de jus d'orange</h4><h4></h4><p>
20 cl
<br/>
1.08€/l
</p></a></div><div class="mini_picto_bas"><img alt="marque-pouce" src="http://www.refonte.auchandirect.fr/static/images/marque-pouce_small.jpg"/></div></div></div></td></tr><tr><td><!-- PL : ici --><div class="bloc-produit "><div class="bloc-produit-content"><a title="Voir le produit" href="http://www.refonte.auchandirect.fr/boissons/jus,-softs/jus-de-pomme-en-brique/id1/476/39577"><img src="http://www.refonte.auchandirect.fr/static/images/products/line/39577.jpg" alt="" class="produit "/></a><div class="picto"><span class="invisible"></span></div><div class="boutons-produit"><a id="addProductToBasket_401" onclick="javascript:Tapestry.waitForPage(event);" title="Ajouter au panier" class="bt-produit-ajout-panier" href="http://www.refonte.auchandirect.fr/rayon.productgridorlist.productlist_1.thumbnailproduct_0.addproducttobasket/39577?t:ac=484">Ajouter au panier</a><a id="addProductToShoppingList_569" onclick="javascript:Tapestry.waitForPage(event);" title="Ajouter à ma liste" class="bt-produit-ajout-liste" href="http://www.refonte.auchandirect.fr/rayon.productgridorlist.productlist_1.thumbnailproduct_0.addproducttoshoppinglist/39577?t:ac=484">Ajouter à ma liste</a></div><div class="infos-produit-1"><div class="prix-actuel"><span>0.66€</span></div></div><div class="infos-produit-2"><a title="Voir le produit" href="http://www.refonte.auchandirect.fr/boissons/jus,-softs/jus-de-pomme-en-brique/id1/476/39577"><h2>POUCE</h2><h4>Jus de pomme en brique</h4><h4></h4><p>
1 l
<br/>
0.66€/l
</p></a></div><div class="mini_picto_bas"><img alt="marque-pouce" src="http://www.refonte.auchandirect.fr/static/images/marque-pouce_small.jpg"/></div></div></div></td><td><!-- PL : ici --><div class="bloc-produit "><div class="bloc-produit-content"><a title="Voir le produit" href="http://www.refonte.auchandirect.fr/petit-déjeuner-epicerie-sucrée/petit-déjeuner/boisson-instantanée-au-chocolat/id1/484/100595"><img src="http://www.refonte.auchandirect.fr/static/images/products/line/100595.jpg" alt="" class="produit "/></a><div class="picto"><span class="invisible"></span></div><div class="boutons-produit"><a id="addProductToBasket_402" onclick="javascript:Tapestry.waitForPage(event);" title="Ajouter au panier" class="bt-produit-ajout-panier" href="http://www.refonte.auchandirect.fr/rayon.productgridorlist.productlist_1.thumbnailproduct_0.addproducttobasket/100595?t:ac=484">Ajouter au panier</a><a id="addProductToShoppingList_570" onclick="javascript:Tapestry.waitForPage(event);" title="Ajouter à ma liste" class="bt-produit-ajout-liste" href="http://www.refonte.auchandirect.fr/rayon.productgridorlist.productlist_1.thumbnailproduct_0.addproducttoshoppinglist/100595?t:ac=484">Ajouter à ma liste</a></div><div class="infos-produit-1"><div class="prix-actuel"><span>2.48€</span></div></div><div class="infos-produit-2"><a title="Voir le produit" href="http://www.refonte.auchandirect.fr/petit-déjeuner-epicerie-sucrée/petit-déjeuner/boisson-instantanée-au-chocolat/id1/484/100595"><h2>POULAIN</h2><h4>Boisson instantanée au chocolat</h4><h4>Grand arôme</h4><p>
500 g
<br/>
4.96€/kg
</p></a></div><div class="mini_picto_bas"><img src="http://www.refonte.auchandirect.fr/static/images/DLC-garantie-30j_small.jpg"/></div></div></div></td><td><!-- PL : ici --><div class="bloc-produit "><div class="bloc-produit-content"><a title="Voir le produit" href="http://www.refonte.auchandirect.fr/petit-déjeuner-epicerie-sucrée/petit-déjeuner/boisson-instantanée-au-chocolat/id1/484/2969"><img src="http://www.refonte.auchandirect.fr/static/images/products/line/2969.jpg" alt="" class="produit "/></a><div class="picto"><span class="invisible"></span></div><div class="boutons-produit"><a id="addProductToBasket_403" onclick="javascript:Tapestry.waitForPage(event);" title="Ajouter au panier" class="bt-produit-ajout-panier" href="http://www.refonte.auchandirect.fr/rayon.productgridorlist.productlist_1.thumbnailproduct_0.addproducttobasket/2969?t:ac=484">Ajouter au panier</a><a id="addProductToShoppingList_571" onclick="javascript:Tapestry.waitForPage(event);" title="Ajouter à ma liste" class="bt-produit-ajout-liste" href="http://www.refonte.auchandirect.fr/rayon.productgridorlist.productlist_1.thumbnailproduct_0.addproducttoshoppinglist/2969?t:ac=484">Ajouter à ma liste</a></div><div class="infos-produit-1"><div class="prix-actuel"><span>4.59€</span></div></div><div class="infos-produit-2"><a title="Voir le produit" href="http://www.refonte.auchandirect.fr/petit-déjeuner-epicerie-sucrée/petit-déjeuner/boisson-instantanée-au-chocolat/id1/484/2969"><h2>POULAIN</h2><h4>Boisson instantanée au chocolat</h4><h4>Grand arôme</h4><p>
1 kg
<br/>
4.59€/kg
</p></a></div><div class="mini_picto_bas"><img src="http://www.refonte.auchandirect.fr/static/images/DLC-garantie-30j_small.jpg"/></div></div></div></td></tr><tr><td><!-- PL : ici --><div class="bloc-produit "><div class="bloc-produit-content"><a title="Voir le produit" href="http://www.refonte.auchandirect.fr/petit-déjeuner-epicerie-sucrée/petit-déjeuner/boisson-instantanée-au-chocolat/id1/484/3152"><img src="http://www.refonte.auchandirect.fr/static/images/products/line/3152.jpg" alt="" class="produit "/></a><div class="picto"><span class="invisible"></span></div><div class="boutons-produit"><a id="addProductToBasket_404" onclick="javascript:Tapestry.waitForPage(event);" title="Ajouter au panier" class="bt-produit-ajout-panier" href="http://www.refonte.auchandirect.fr/rayon.productgridorlist.productlist_1.thumbnailproduct_0.addproducttobasket/3152?t:ac=484">Ajouter au panier</a><a id="addProductToShoppingList_572" onclick="javascript:Tapestry.waitForPage(event);" title="Ajouter à ma liste" class="bt-produit-ajout-liste" href="http://www.refonte.auchandirect.fr/rayon.productgridorlist.productlist_1.thumbnailproduct_0.addproducttoshoppinglist/3152?t:ac=484">Ajouter à ma liste</a></div><div class="infos-produit-1"><div class="prix-actuel"><span>4.39€</span></div></div><div class="infos-produit-2"><a title="Voir le produit" href="http://www.refonte.auchandirect.fr/petit-déjeuner-epicerie-sucrée/petit-déjeuner/boisson-instantanée-au-chocolat/id1/484/3152"><h2>POULAIN</h2><h4>Boisson instantanée au chocolat</h4><h4>Super poulain</h4><p>
1 kg
<br/>
4.39€/kg
</p></a></div><div class="mini_picto_bas"><img src="http://www.refonte.auchandirect.fr/static/images/DLC-garantie-30j_small.jpg"/></div></div></div></td><td><!-- PL : ici --><div class="bloc-produit "><div class="bloc-produit-content"><a title="Voir le produit" href="http://www.refonte.auchandirect.fr/bio-ecolo/boissons-bio/jus-multivitaminé-bio/id1/455/59414"><img src="http://www.refonte.auchandirect.fr/static/images/products/line/59414.jpg" alt="" class="produit "/></a><div class="picto"><span class="invisible"></span></div><div class="boutons-produit"><a id="addProductToBasket_405" onclick="javascript:Tapestry.waitForPage(event);" title="Ajouter au panier" class="bt-produit-ajout-panier" href="http://www.refonte.auchandirect.fr/rayon.productgridorlist.productlist_1.thumbnailproduct_0.addproducttobasket/59414?t:ac=484">Ajouter au panier</a><a id="addProductToShoppingList_573" onclick="javascript:Tapestry.waitForPage(event);" title="Ajouter à ma liste" class="bt-produit-ajout-liste" href="http://www.refonte.auchandirect.fr/rayon.productgridorlist.productlist_1.thumbnailproduct_0.addproducttoshoppinglist/59414?t:ac=484">Ajouter à ma liste</a></div><div class="infos-produit-1"><div class="prix-actuel"><span>2.58€</span></div></div><div class="infos-produit-2"><a title="Voir le produit" href="http://www.refonte.auchandirect.fr/bio-ecolo/boissons-bio/jus-multivitaminé-bio/id1/455/59414"><h2>PRESSADE</h2><h4>Jus multivitaminé bio</h4><h4></h4><p>
1,5 l
<br/>
1.72€/l
</p></a></div><div class="mini_picto_bas"><img src="http://www.refonte.auchandirect.fr/static/images/AB_small.jpg"/></div></div></div></td><td><!-- PL : ici --><div class="bloc-produit "><div class="bloc-produit-content"><a title="Voir le produit" href="http://www.refonte.auchandirect.fr/bio-ecolo/boissons-bio/jus-d'orange-concentré/id1/455/58421"><img src="http://www.refonte.auchandirect.fr/static/images/products/line/58421.jpg" alt="" class="produit "/></a><div class="picto"><span class="invisible"></span></div><div class="boutons-produit"><a id="addProductToBasket_406" onclick="javascript:Tapestry.waitForPage(event);" title="Ajouter au panier" class="bt-produit-ajout-panier" href="http://www.refonte.auchandirect.fr/rayon.productgridorlist.productlist_1.thumbnailproduct_0.addproducttobasket/58421?t:ac=484">Ajouter au panier</a><a id="addProductToShoppingList_574" onclick="javascript:Tapestry.waitForPage(event);" title="Ajouter à ma liste" class="bt-produit-ajout-liste" href="http://www.refonte.auchandirect.fr/rayon.productgridorlist.productlist_1.thumbnailproduct_0.addproducttoshoppinglist/58421?t:ac=484">Ajouter à ma liste</a></div><div class="infos-produit-1"><div class="prix-actuel"><span>2.58€</span></div></div><div class="infos-produit-2"><a title="Voir le produit" href="http://www.refonte.auchandirect.fr/bio-ecolo/boissons-bio/jus-d'orange-concentré/id1/455/58421"><h2>PRESSADE</h2><h4>Jus d'orange concentré</h4><h4>Bio</h4><p>
1,5 l
<br/>
1.72€/l
</p></a></div><div class="mini_picto_bas"><img src="http://www.refonte.auchandirect.fr/static/images/AB_small.jpg"/></div></div></div></td></tr><tr><td><!-- PL : ici --><div class="bloc-produit "><div class="bloc-produit-content"><a title="Voir le produit" href="http://www.refonte.auchandirect.fr/petit-déjeuner-epicerie-sucrée/petit-déjeuner/flocons-d'avoine/id1/484/100625"><img src="http://www.refonte.auchandirect.fr/static/images/products/line/100625.jpg" alt="" class="produit "/></a><div class="picto"><span class="invisible"></span></div><div class="boutons-produit"><a id="addProductToBasket_407" onclick="javascript:Tapestry.waitForPage(event);" title="Ajouter au panier" class="bt-produit-ajout-panier" href="http://www.refonte.auchandirect.fr/rayon.productgridorlist.productlist_1.thumbnailproduct_0.addproducttobasket/100625?t:ac=484">Ajouter au panier</a><a id="addProductToShoppingList_575" onclick="javascript:Tapestry.waitForPage(event);" title="Ajouter à ma liste" class="bt-produit-ajout-liste" href="http://www.refonte.auchandirect.fr/rayon.productgridorlist.productlist_1.thumbnailproduct_0.addproducttoshoppinglist/100625?t:ac=484">Ajouter à ma liste</a></div><div class="infos-produit-1"><div class="prix-actuel"><span>1.82€</span></div></div><div class="infos-produit-2"><a title="Voir le produit" href="http://www.refonte.auchandirect.fr/petit-déjeuner-epicerie-sucrée/petit-déjeuner/flocons-d'avoine/id1/484/100625"><h2>QUAKER OATS</h2><h4>Flocons d'avoine</h4><h4></h4><p>
500 g
<br/>
3.64€/kg
</p></a></div><div class="mini_picto_bas"><img src="http://www.refonte.auchandirect.fr/static/images/DLC-garantie-30j_small.jpg"/></div></div></div></td><td><!-- PL : ici --><div class="bloc-produit "><div class="bloc-produit-content"><a title="Voir le produit" href="http://www.refonte.auchandirect.fr/petit-déjeuner-epicerie-sucrée/petit-déjeuner/pépites-et-pétales-croustillants-avoine-au-chocolat/id1/484/97734"><img src="http://www.refonte.auchandirect.fr/static/images/products/line/97734.jpg" alt="" class="produit "/></a><div class="picto"><span class="invisible"></span></div><div class="boutons-produit"><a id="addProductToBasket_408" onclick="javascript:Tapestry.waitForPage(event);" title="Ajouter au panier" class="bt-produit-ajout-panier" href="http://www.refonte.auchandirect.fr/rayon.productgridorlist.productlist_1.thumbnailproduct_0.addproducttobasket/97734?t:ac=484">Ajouter au panier</a><a id="addProductToShoppingList_576" onclick="javascript:Tapestry.waitForPage(event);" title="Ajouter à ma liste" class="bt-produit-ajout-liste" href="http://www.refonte.auchandirect.fr/rayon.productgridorlist.productlist_1.thumbnailproduct_0.addproducttoshoppinglist/97734?t:ac=484">Ajouter à ma liste</a></div><div class="infos-produit-1"><div class="prix-actuel"><span>4.44€</span></div></div><div class="infos-produit-2"><a title="Voir le produit" href="http://www.refonte.auchandirect.fr/petit-déjeuner-epicerie-sucrée/petit-déjeuner/pépites-et-pétales-croustillants-avoine-au-chocolat/id1/484/97734"><h2>QUAKER OATS</h2><h4>Pépites et pétales croustillants avoine au chocolat</h4><h4>Life</h4><p>
350 g
<br/>
12.69€/kg
</p></a></div><div class="mini_picto_bas"></div></div></div></td><td><!-- PL : ici --><div class="bloc-produit "><div class="bloc-produit-content"><a title="Voir le produit" href="http://www.refonte.auchandirect.fr/petit-déjeuner-epicerie-sucrée/petit-déjeuner/pépites-de-céréales-croustillantes-et-chocolat/id1/484/35676"><img src="http://www.refonte.auchandirect.fr/static/images/products/line/35676.jpg" alt="" class="produit "/></a><div class="picto"><span class="invisible"></span></div><div class="boutons-produit"><a id="addProductToBasket_409" onclick="javascript:Tapestry.waitForPage(event);" title="Ajouter au panier" class="bt-produit-ajout-panier" href="http://www.refonte.auchandirect.fr/rayon.productgridorlist.productlist_1.thumbnailproduct_0.addproducttobasket/35676?t:ac=484">Ajouter au panier</a><a id="addProductToShoppingList_577" onclick="javascript:Tapestry.waitForPage(event);" title="Ajouter à ma liste" class="bt-produit-ajout-liste" href="http://www.refonte.auchandirect.fr/rayon.productgridorlist.productlist_1.thumbnailproduct_0.addproducttoshoppinglist/35676?t:ac=484">Ajouter à ma liste</a></div><div class="infos-produit-1"><div class="prix-actuel"><span>3.19€</span></div></div><div class="infos-produit-2"><a title="Voir le produit" href="http://www.refonte.auchandirect.fr/petit-déjeuner-epicerie-sucrée/petit-déjeuner/pépites-de-céréales-croustillantes-et-chocolat/id1/484/35676"><h2>QUAKER OATS</h2><h4>Pépites de céréales croustillantes et chocolat</h4><h4>Cruesli</h4><p>
500 g
<br/>
6.38€/kg
</p></a></div><div class="mini_picto_bas"><img src="http://www.refonte.auchandirect.fr/static/images/DLC-garantie-30j_small.jpg"/></div></div></div></td></tr><tr><td><!-- PL : ici --><div class="bloc-produit  bientot-dispo"><div class="bloc-produit-content"><a title="Voir le produit" href="http://www.refonte.auchandirect.fr/bio-ecolo/boissons-bio/lait-écrémé-en-poudre/id1/455/3141"><img src="http://www.refonte.auchandirect.fr/static/images/products/line/3141.jpg" alt="" class="produit "/></a><div class="picto"><span class="invisible"></span></div><div class="boutons-produit"><a class="bt-produit-ajout-panier disable" title="Bientôt disponible" href="javascript:void(0)">Bientôt disponible</a><a id="addProductToShoppingList_578" onclick="javascript:Tapestry.waitForPage(event);" title="Ajouter à ma liste" class="bt-produit-ajout-liste" href="http://www.refonte.auchandirect.fr/rayon.productgridorlist.productlist_1.thumbnailproduct_0.addproducttoshoppinglist/3141?t:ac=484">Ajouter à ma liste</a></div><div class="infos-produit-1"><div class="prix-actuel"><span>3.06€</span></div></div><div class="infos-produit-2"><a title="Voir le produit" href="http://www.refonte.auchandirect.fr/bio-ecolo/boissons-bio/lait-écrémé-en-poudre/id1/455/3141"><h2>REGILAIT</h2><h4>Lait écrémé en poudre</h4><h4>Bio</h4><p>
250 g
<br/>
12.24€/kg
</p></a></div><div class="mini_picto_bas"><img src="http://www.refonte.auchandirect.fr/static/images/DLC-garantie-30j_small.jpg"/><img src="http://www.refonte.auchandirect.fr/static/images/AB_small.jpg"/></div></div></div></td><td><!-- PL : ici --><div class="bloc-produit "><div class="bloc-produit-content"><a title="Voir le produit" href="http://www.refonte.auchandirect.fr/petit-déjeuner-epicerie-sucrée/petit-déjeuner/infusion-5-plantes/id1/484/58616"><img src="http://www.refonte.auchandirect.fr/static/images/products/line/58616.jpg" alt="" class="produit "/></a><div class="picto"><span class="invisible"></span></div><div class="boutons-produit"><a id="addProductToBasket_410" onclick="javascript:Tapestry.waitForPage(event);" title="Ajouter au panier" class="bt-produit-ajout-panier" href="http://www.refonte.auchandirect.fr/rayon.productgridorlist.productlist_1.thumbnailproduct_0.addproducttobasket/58616?t:ac=484">Ajouter au panier</a><a id="addProductToShoppingList_579" onclick="javascript:Tapestry.waitForPage(event);" title="Ajouter à ma liste" class="bt-produit-ajout-liste" href="http://www.refonte.auchandirect.fr/rayon.productgridorlist.productlist_1.thumbnailproduct_0.addproducttoshoppinglist/58616?t:ac=484">Ajouter à ma liste</a></div><div class="infos-produit-1"><div class="prix-actuel"><span>4.00€</span></div></div><div class="infos-produit-2"><a title="Voir le produit" href="http://www.refonte.auchandirect.fr/petit-déjeuner-epicerie-sucrée/petit-déjeuner/infusion-5-plantes/id1/484/58616"><h2>RICOLA</h2><h4>Infusion 5 plantes</h4><h4>Infuselle</h4><p>
200 g
<br/>
20.00€/kg
</p></a></div><div class="mini_picto_bas"><img src="http://www.refonte.auchandirect.fr/static/images/DLC-garantie-30j_small.jpg"/></div></div></div></td><td><!-- PL : ici --><div class="bloc-produit "><div class="bloc-produit-content"><a title="Voir le produit" href="http://www.refonte.auchandirect.fr/petit-déjeuner-epicerie-sucrée/petit-déjeuner/infusion-bonne-nuit/id1/484/46861"><img src="http://www.refonte.auchandirect.fr/static/images/products/line/46861.jpg" alt="" class="produit "/></a><div class="picto"><span class="invisible"></span></div><div class="boutons-produit"><a id="addProductToBasket_411" onclick="javascript:Tapestry.waitForPage(event);" title="Ajouter au panier" class="bt-produit-ajout-panier" href="http://www.refonte.auchandirect.fr/rayon.productgridorlist.productlist_1.thumbnailproduct_0.addproducttobasket/46861?t:ac=484">Ajouter au panier</a><a id="addProductToShoppingList_580" onclick="javascript:Tapestry.waitForPage(event);" title="Ajouter à ma liste" class="bt-produit-ajout-liste" href="http://www.refonte.auchandirect.fr/rayon.productgridorlist.productlist_1.thumbnailproduct_0.addproducttoshoppinglist/46861?t:ac=484">Ajouter à ma liste</a></div><div class="infos-produit-1"><div class="prix-actuel"><span>4.01€</span></div></div><div class="infos-produit-2"><a title="Voir le produit" href="http://www.refonte.auchandirect.fr/petit-déjeuner-epicerie-sucrée/petit-déjeuner/infusion-bonne-nuit/id1/484/46861"><h2>RICOLA</h2><h4>Infusion bonne nuit</h4><h4>Infuselle</h4><p>
200 g
<br/>
20.05€/kg
</p></a></div><div class="mini_picto_bas"><img src="http://www.refonte.auchandirect.fr/static/images/DLC-garantie-30j_small.jpg"/></div></div></div></td></tr><tr><td><!-- PL : ici --><div class="bloc-produit produit-auchan bientot-dispo"><div class="bloc-produit-content"><a title="Voir le produit" href="http://www.refonte.auchandirect.fr/petit-déjeuner-epicerie-sucrée/petit-déjeuner/boisson-instantanée-au-chocolat-granulés/id1/484/5921"><img src="http://www.refonte.auchandirect.fr/static/images/products/line/5921.jpg" alt="" class="produit "/></a><div class="picto"><span class="invisible"></span></div><div class="boutons-produit"><a class="bt-produit-ajout-panier disable" title="Bientôt disponible" href="javascript:void(0)">Bientôt disponible</a><a id="addProductToShoppingList_581" onclick="javascript:Tapestry.waitForPage(event);" title="Ajouter à ma liste" class="bt-produit-ajout-liste" href="http://www.refonte.auchandirect.fr/rayon.productgridorlist.productlist_1.thumbnailproduct_0.addproducttoshoppinglist/5921?t:ac=484">Ajouter à ma liste</a></div><div class="infos-produit-1"><div class="prix-actuel"><span>2.63€</span></div></div><div class="infos-produit-2"><a title="Voir le produit" href="http://www.refonte.auchandirect.fr/petit-déjeuner-epicerie-sucrée/petit-déjeuner/boisson-instantanée-au-chocolat-granulés/id1/484/5921"><h2>RIK &amp; ROK</h2><h4>Boisson instantanée au chocolat granulés</h4><h4></h4><p>
800 g
<br/>
3.29€/kg
</p></a></div><div class="mini_picto_bas"><img src="http://www.refonte.auchandirect.fr/static/images/DLC-garantie-30j_small.jpg"/><img src="http://www.refonte.auchandirect.fr/static/images/rikrok_small.jpg"/></div></div></div></td><td><!-- PL : ici --><div class="bloc-produit produit-auchan"><div class="bloc-produit-content"><a title="Voir le produit" href="http://www.refonte.auchandirect.fr/petit-déjeuner-epicerie-sucrée/petit-déjeuner/céréales-caramélisées-au-miel/id1/484/40590"><img src="http://www.refonte.auchandirect.fr/static/images/products/line/40590.jpg" alt="" class="produit "/></a><div class="picto"><span class="invisible"></span></div><div class="boutons-produit"><a id="addProductToBasket_412" onclick="javascript:Tapestry.waitForPage(event);" title="Ajouter au panier" class="bt-produit-ajout-panier" href="http://www.refonte.auchandirect.fr/rayon.productgridorlist.productlist_1.thumbnailproduct_0.addproducttobasket/40590?t:ac=484">Ajouter au panier</a><a id="addProductToShoppingList_582" onclick="javascript:Tapestry.waitForPage(event);" title="Ajouter à ma liste" class="bt-produit-ajout-liste" href="http://www.refonte.auchandirect.fr/rayon.productgridorlist.productlist_1.thumbnailproduct_0.addproducttoshoppinglist/40590?t:ac=484">Ajouter à ma liste</a></div><div class="infos-produit-1"><div class="prix-actuel"><span>1.81€</span></div></div><div class="infos-produit-2"><a title="Voir le produit" href="http://www.refonte.auchandirect.fr/petit-déjeuner-epicerie-sucrée/petit-déjeuner/céréales-caramélisées-au-miel/id1/484/40590"><h2>RIK &amp; ROK</h2><h4>Céréales caramélisées au miel</h4><h4>Miel nuts</h4><p>
375 g
<br/>
4.83€/kg
</p></a></div><div class="mini_picto_bas"><img src="http://www.refonte.auchandirect.fr/static/images/DLC-garantie-30j_small.jpg"/><img src="http://www.refonte.auchandirect.fr/static/images/rikrok_small.jpg"/></div></div></div></td><td><!-- PL : ici --><div class="bloc-produit produit-auchan"><div class="bloc-produit-content"><a title="Voir le produit" href="http://www.refonte.auchandirect.fr/petit-déjeuner-epicerie-sucrée/petit-déjeuner/grains-de-riz-soufflés-au-chocolat/id1/484/1738"><img src="http://www.refonte.auchandirect.fr/static/images/products/line/1738.jpg" alt="" class="produit "/></a><div class="picto"><span class="invisible"></span></div><div class="boutons-produit"><a id="addProductToBasket_413" onclick="javascript:Tapestry.waitForPage(event);" title="Ajouter au panier" class="bt-produit-ajout-panier" href="http://www.refonte.auchandirect.fr/rayon.productgridorlist.productlist_1.thumbnailproduct_0.addproducttobasket/1738?t:ac=484">Ajouter au panier</a><a id="addProductToShoppingList_583" onclick="javascript:Tapestry.waitForPage(event);" title="Ajouter à ma liste" class="bt-produit-ajout-liste" href="http://www.refonte.auchandirect.fr/rayon.productgridorlist.productlist_1.thumbnailproduct_0.addproducttoshoppinglist/1738?t:ac=484">Ajouter à ma liste</a></div><div class="infos-produit-1"><div class="prix-actuel"><span>1.69€</span></div></div><div class="infos-produit-2"><a title="Voir le produit" href="http://www.refonte.auchandirect.fr/petit-déjeuner-epicerie-sucrée/petit-déjeuner/grains-de-riz-soufflés-au-chocolat/id1/484/1738"><h2>RIK &amp; ROK</h2><h4>Grains de riz soufflés au chocolat</h4><h4>Choco Crack</h4><p>
375 g
<br/>
4.51€/kg
</p></a></div><div class="mini_picto_bas"><img src="http://www.refonte.auchandirect.fr/static/images/DLC-garantie-30j_small.jpg"/><img src="http://www.refonte.auchandirect.fr/static/images/rikrok_small.jpg"/></div></div></div></td></tr><tr><td><!-- PL : ici --><div class="bloc-produit produit-auchan bientot-dispo"><div class="bloc-produit-content"><a title="Voir le produit" href="http://www.refonte.auchandirect.fr/petit-déjeuner-epicerie-sucrée/petit-déjeuner/céréales-au-chocolat/id1/484/1649"><img src="http://www.refonte.auchandirect.fr/static/images/products/line/1649.jpg" alt="" class="produit "/></a><div class="picto"><span class="invisible"></span></div><div class="boutons-produit"><a class="bt-produit-ajout-panier disable" title="Bientôt disponible" href="javascript:void(0)">Bientôt disponible</a><a id="addProductToShoppingList_584" onclick="javascript:Tapestry.waitForPage(event);" title="Ajouter à ma liste" class="bt-produit-ajout-liste" href="http://www.refonte.auchandirect.fr/rayon.productgridorlist.productlist_1.thumbnailproduct_0.addproducttoshoppinglist/1649?t:ac=484">Ajouter à ma liste</a></div><div class="infos-produit-1"><div class="prix-actuel"><span>1.68€</span></div></div><div class="infos-produit-2"><a title="Voir le produit" href="http://www.refonte.auchandirect.fr/petit-déjeuner-epicerie-sucrée/petit-déjeuner/céréales-au-chocolat/id1/484/1649"><h2>RIK &amp; ROK</h2><h4>Céréales au chocolat</h4><h4>Cao Flakes</h4><p>
375 g
<br/>
4.48€/kg
</p></a></div><div class="mini_picto_bas"><img src="http://www.refonte.auchandirect.fr/static/images/DLC-garantie-30j_small.jpg"/><img src="http://www.refonte.auchandirect.fr/static/images/rikrok_small.jpg"/></div></div></div></td><td><!-- PL : ici --><div class="bloc-produit produit-auchan"><div class="bloc-produit-content"><a title="Voir le produit" href="http://www.refonte.auchandirect.fr/petit-déjeuner-epicerie-sucrée/petit-déjeuner/céréales-chocolatées-fourrées-au-chocolat/id1/484/23863"><img src="http://www.refonte.auchandirect.fr/static/images/products/line/23863.jpg" alt="" class="produit "/></a><div class="picto"><span class="invisible"></span></div><div class="boutons-produit"><a id="addProductToBasket_414" onclick="javascript:Tapestry.waitForPage(event);" title="Ajouter au panier" class="bt-produit-ajout-panier" href="http://www.refonte.auchandirect.fr/rayon.productgridorlist.productlist_1.thumbnailproduct_0.addproducttobasket/23863?t:ac=484">Ajouter au panier</a><a id="addProductToShoppingList_585" onclick="javascript:Tapestry.waitForPage(event);" title="Ajouter à ma liste" class="bt-produit-ajout-liste" href="http://www.refonte.auchandirect.fr/rayon.productgridorlist.productlist_1.thumbnailproduct_0.addproducttoshoppinglist/23863?t:ac=484">Ajouter à ma liste</a></div><div class="infos-produit-1"><div class="prix-actuel"><span>3.25€</span></div></div><div class="infos-produit-2"><a title="Voir le produit" href="http://www.refonte.auchandirect.fr/petit-déjeuner-epicerie-sucrée/petit-déjeuner/céréales-chocolatées-fourrées-au-chocolat/id1/484/23863"><h2>RIK &amp; ROK</h2><h4>Céréales chocolatées fourrées au chocolat</h4><h4>Jumblies</h4><p>
500 g
<br/>
6.50€/kg
</p></a></div><div class="mini_picto_bas"><img src="http://www.refonte.auchandirect.fr/static/images/DLC-garantie-30j_small.jpg"/><img src="http://www.refonte.auchandirect.fr/static/images/rikrok_small.jpg"/></div></div></div></td><td><!-- PL : ici --><div class="bloc-produit produit-auchan"><div class="bloc-produit-content"><a title="Voir le produit" href="http://www.refonte.auchandirect.fr/petit-déjeuner-epicerie-sucrée/petit-déjeuner/céréales-multipack/id1/484/40462"><img src="http://www.refonte.auchandirect.fr/static/images/products/line/40462.jpg" alt="" class="produit "/></a><div class="picto"><span class="invisible"></span></div><div class="boutons-produit"><a id="addProductToBasket_415" onclick="javascript:Tapestry.waitForPage(event);" title="Ajouter au panier" class="bt-produit-ajout-panier" href="http://www.refonte.auchandirect.fr/rayon.productgridorlist.productlist_1.thumbnailproduct_0.addproducttobasket/40462?t:ac=484">Ajouter au panier</a><a id="addProductToShoppingList_586" onclick="javascript:Tapestry.waitForPage(event);" title="Ajouter à ma liste" class="bt-produit-ajout-liste" href="http://www.refonte.auchandirect.fr/rayon.productgridorlist.productlist_1.thumbnailproduct_0.addproducttoshoppinglist/40462?t:ac=484">Ajouter à ma liste</a></div><div class="infos-produit-1"><div class="prix-actuel"><span>3.42€</span></div></div><div class="infos-produit-2"><a title="Voir le produit" href="http://www.refonte.auchandirect.fr/petit-déjeuner-epicerie-sucrée/petit-déjeuner/céréales-multipack/id1/484/40462"><h2>RIK &amp; ROK</h2><h4>Céréales multipack</h4><h4></h4><p>
260 g
<br/>
13.15€/kg
</p></a></div><div class="mini_picto_bas"><img src="http://www.refonte.auchandirect.fr/static/images/DLC-garantie-30j_small.jpg"/><img src="http://www.refonte.auchandirect.fr/static/images/rikrok_small.jpg"/></div></div></div></td></tr><tr><td><!-- PL : ici --><div class="bloc-produit produit-auchan"><div class="bloc-produit-content"><a title="Voir le produit" href="http://www.refonte.auchandirect.fr/petit-déjeuner-epicerie-sucrée/petit-déjeuner/pétales-maïs-glacées-au-sucre/id1/484/1206"><img src="http://www.refonte.auchandirect.fr/static/images/products/line/1206.jpg" alt="" class="produit "/></a><div class="picto"><span class="invisible"></span></div><div class="boutons-produit"><a id="addProductToBasket_416" onclick="javascript:Tapestry.waitForPage(event);" title="Ajouter au panier" class="bt-produit-ajout-panier" href="http://www.refonte.auchandirect.fr/rayon.productgridorlist.productlist_1.thumbnailproduct_0.addproducttobasket/1206?t:ac=484">Ajouter au panier</a><a id="addProductToShoppingList_587" onclick="javascript:Tapestry.waitForPage(event);" title="Ajouter à ma liste" class="bt-produit-ajout-liste" href="http://www.refonte.auchandirect.fr/rayon.productgridorlist.productlist_1.thumbnailproduct_0.addproducttoshoppinglist/1206?t:ac=484">Ajouter à ma liste</a></div><div class="infos-produit-1"><div class="prix-actuel"><span>1.72€</span></div></div><div class="infos-produit-2"><a title="Voir le produit" href="http://www.refonte.auchandirect.fr/petit-déjeuner-epicerie-sucrée/petit-déjeuner/pétales-maïs-glacées-au-sucre/id1/484/1206"><h2>RIK &amp; ROK</h2><h4>Pétales maïs glacées au sucre</h4><h4>Sugar coaties</h4><p>
375 g
<br/>
4.59€/kg
</p></a></div><div class="mini_picto_bas"><img src="http://www.refonte.auchandirect.fr/static/images/DLC-garantie-30j_small.jpg"/><img src="http://www.refonte.auchandirect.fr/static/images/rikrok_small.jpg"/></div></div></div></td><td><!-- PL : ici --><div class="bloc-produit produit-auchan bientot-dispo"><div class="bloc-produit-content"><a title="Voir le produit" href="http://www.refonte.auchandirect.fr/petit-déjeuner-epicerie-sucrée/petit-déjeuner/briochettes-pépites-de-chocolat-au-lait/id1/484/58615"><img src="http://www.refonte.auchandirect.fr/static/images/products/line/58615.jpg" alt="" class="produit "/></a><div class="picto"><span class="invisible"></span></div><div class="boutons-produit"><a class="bt-produit-ajout-panier disable" title="Bientôt disponible" href="javascript:void(0)">Bientôt disponible</a><a id="addProductToShoppingList_588" onclick="javascript:Tapestry.waitForPage(event);" title="Ajouter à ma liste" class="bt-produit-ajout-liste" href="http://www.refonte.auchandirect.fr/rayon.productgridorlist.productlist_1.thumbnailproduct_0.addproducttoshoppinglist/58615?t:ac=484">Ajouter à ma liste</a></div><div class="infos-produit-1"><div class="prix-actuel"><span>1.56€</span></div></div><div class="infos-produit-2"><a title="Voir le produit" href="http://www.refonte.auchandirect.fr/petit-déjeuner-epicerie-sucrée/petit-déjeuner/briochettes-pépites-de-chocolat-au-lait/id1/484/58615"><h2>RIK &amp; ROK</h2><h4>Briochettes pépites de chocolat au lait</h4><h4></h4><p>
x 6
<br/>
6.24€/kg
</p></a></div><div class="mini_picto_bas"><img alt="frais" src="http://www.refonte.auchandirect.fr/static/images/frais_small.jpg"/><img src="http://www.refonte.auchandirect.fr/static/images/DLC-garantie-6j_small.jpg"/><img src="http://www.refonte.auchandirect.fr/static/images/rikrok_small.jpg"/></div></div></div></td><td><!-- PL : ici --><div class="bloc-produit produit-auchan"><div class="bloc-produit-content"><a title="Voir le produit" href="http://www.refonte.auchandirect.fr/boissons/jus,-softs/jus-d'ananas/id1/476/37429"><img src="http://www.refonte.auchandirect.fr/static/images/products/line/37429.jpg" alt="" class="produit "/></a><div class="picto"><span class="invisible"></span></div><div class="boutons-produit"><a id="addProductToBasket_417" onclick="javascript:Tapestry.waitForPage(event);" title="Ajouter au panier" class="bt-produit-ajout-panier" href="http://www.refonte.auchandirect.fr/rayon.productgridorlist.productlist_1.thumbnailproduct_0.addproducttobasket/37429?t:ac=484">Ajouter au panier</a><a id="addProductToShoppingList_589" onclick="javascript:Tapestry.waitForPage(event);" title="Ajouter à ma liste" class="bt-produit-ajout-liste" href="http://www.refonte.auchandirect.fr/rayon.productgridorlist.productlist_1.thumbnailproduct_0.addproducttoshoppinglist/37429?t:ac=484">Ajouter à ma liste</a></div><div class="infos-produit-1"><div class="prix-actuel"><span>2.76€</span></div></div><div class="infos-produit-2"><a title="Voir le produit" href="http://www.refonte.auchandirect.fr/boissons/jus,-softs/jus-d'ananas/id1/476/37429"><h2>RIK &amp; ROK</h2><h4>Jus d'ananas</h4><h4></h4><p>
9 x 20 cl
<br/>
1.53€/l
</p></a></div><div class="mini_picto_bas"><img src="http://www.refonte.auchandirect.fr/static/images/rikrok_small.jpg"/></div></div></div></td></tr><tr><td><!-- PL : ici --><div class="bloc-produit produit-auchan"><div class="bloc-produit-content"><a title="Voir le produit" href="http://www.refonte.auchandirect.fr/boissons/jus,-softs/mini-briques-à-l'orange/id1/476/1347"><img src="http://www.refonte.auchandirect.fr/static/images/products/line/1347.jpg" alt="" class="produit "/></a><div class="picto"><span class="invisible"></span></div><div class="boutons-produit"><a id="addProductToBasket_418" onclick="javascript:Tapestry.waitForPage(event);" title="Ajouter au panier" class="bt-produit-ajout-panier" href="http://www.refonte.auchandirect.fr/rayon.productgridorlist.productlist_1.thumbnailproduct_0.addproducttobasket/1347?t:ac=484">Ajouter au panier</a><a id="addProductToShoppingList_590" onclick="javascript:Tapestry.waitForPage(event);" title="Ajouter à ma liste" class="bt-produit-ajout-liste" href="http://www.refonte.auchandirect.fr/rayon.productgridorlist.productlist_1.thumbnailproduct_0.addproducttoshoppinglist/1347?t:ac=484">Ajouter à ma liste</a></div><div class="infos-produit-1"><div class="prix-actuel"><span>2.22€</span></div></div><div class="infos-produit-2"><a title="Voir le produit" href="http://www.refonte.auchandirect.fr/boissons/jus,-softs/mini-briques-à-l'orange/id1/476/1347"><h2>RIK &amp; ROK</h2><h4>Mini-briques à l'orange</h4><h4>Jus d'orange concentré</h4><p>
9 x 20 cl
<br/>
1.23€/l
</p></a></div><div class="mini_picto_bas"><img src="http://www.refonte.auchandirect.fr/static/images/rikrok_small.jpg"/></div></div></div></td><td><!-- PL : ici --><div class="bloc-produit produit-auchan"><div class="bloc-produit-content"><a title="Voir le produit" href="http://www.refonte.auchandirect.fr/boissons/jus,-softs/jus-de-pomme-,/id1/476/1348"><img src="http://www.refonte.auchandirect.fr/static/images/products/line/1348.jpg" alt="" class="produit "/></a><div class="picto"><span class="invisible"></span></div><div class="boutons-produit"><a id="addProductToBasket_419" onclick="javascript:Tapestry.waitForPage(event);" title="Ajouter au panier" class="bt-produit-ajout-panier" href="http://www.refonte.auchandirect.fr/rayon.productgridorlist.productlist_1.thumbnailproduct_0.addproducttobasket/1348?t:ac=484">Ajouter au panier</a><a id="addProductToShoppingList_591" onclick="javascript:Tapestry.waitForPage(event);" title="Ajouter à ma liste" class="bt-produit-ajout-liste" href="http://www.refonte.auchandirect.fr/rayon.productgridorlist.productlist_1.thumbnailproduct_0.addproducttoshoppinglist/1348?t:ac=484">Ajouter à ma liste</a></div><div class="infos-produit-1"><div class="prix-actuel"><span>3.32€</span></div></div><div class="infos-produit-2"><a title="Voir le produit" href="http://www.refonte.auchandirect.fr/boissons/jus,-softs/jus-de-pomme-,/id1/476/1348"><h2>RIK &amp; ROK</h2><h4>Jus de pomme ,</h4><h4></h4><p>
9 x 20 cl
<br/>
1.84€/l
</p></a></div><div class="mini_picto_bas"><img src="http://www.refonte.auchandirect.fr/static/images/rikrok_small.jpg"/></div></div></div></td><td><!-- PL : ici --><div class="bloc-produit "><div class="bloc-produit-content"><a title="Voir le produit" href="http://www.refonte.auchandirect.fr/petit-déjeuner-epicerie-sucrée/petit-déjeuner/grille-pain-inox/id1/484/58152"><img src="http://www.refonte.auchandirect.fr/static/images/products/line/58152.jpg" alt="" class="produit "/></a><div class="picto"><span class="invisible"></span></div><div class="boutons-produit"><a id="addProductToBasket_420" onclick="javascript:Tapestry.waitForPage(event);" title="Ajouter au panier" class="bt-produit-ajout-panier" href="http://www.refonte.auchandirect.fr/rayon.productgridorlist.productlist_1.thumbnailproduct_0.addproducttobasket/58152?t:ac=484">Ajouter au panier</a><a id="addProductToShoppingList_592" onclick="javascript:Tapestry.waitForPage(event);" title="Ajouter à ma liste" class="bt-produit-ajout-liste" href="http://www.refonte.auchandirect.fr/rayon.productgridorlist.productlist_1.thumbnailproduct_0.addproducttoshoppinglist/58152?t:ac=484">Ajouter à ma liste</a></div><div class="infos-produit-1"><div class="prix-actuel"><span>49.90€</span></div></div><div class="infos-produit-2"><a title="Voir le produit" href="http://www.refonte.auchandirect.fr/petit-déjeuner-epicerie-sucrée/petit-déjeuner/grille-pain-inox/id1/484/58152"><h2>RUSSEL HOBBS</h2><h4>Grille pain inox</h4><h4></h4><p>
1 pièce
<br/>
49.90€/pièce
</p></a></div><div class="mini_picto_bas"></div></div></div></td></tr><tr><td><!-- PL : ici --><div class="bloc-produit promotion bientot-dispo"><div class="bloc-produit-content"><a title="Voir le produit" href="http://www.refonte.auchandirect.fr/petit-déjeuner-epicerie-sucrée/petit-déjeuner/café-moulu-pur-arabica/id1/484/94700"><img src="http://www.refonte.auchandirect.fr/static/images/products/line/94700.jpg" alt="" class="produit "/></a><div class="picto"><span class="invisible"></span></div><img src="http://www.refonte.auchandirect.fr/static/images/promo_small.png" class="ruban"/><div class="boutons-produit"><a class="bt-produit-ajout-panier disable" title="Bientôt disponible" href="javascript:void(0)">Bientôt disponible</a><a id="addProductToShoppingList_593" onclick="javascript:Tapestry.waitForPage(event);" title="Ajouter à ma liste" class="bt-produit-ajout-liste" href="http://www.refonte.auchandirect.fr/rayon.productgridorlist.productlist_1.thumbnailproduct_0.addproducttoshoppinglist/94700?t:ac=484">Ajouter à ma liste</a></div><div class="infos-produit-1"><div class="prix-actuel"><span>6.43€</span></div></div><div class="infos-produit-2"><a title="Voir le produit" href="http://www.refonte.auchandirect.fr/petit-déjeuner-epicerie-sucrée/petit-déjeuner/café-moulu-pur-arabica/id1/484/94700"><h2>SAN MARCO</h2><h4>Café moulu pur arabica</h4><h4>OFFRE SPECIALE</h4><p>
2 x 250 g
<br/>
12.86€/kg
</p></a></div><div class="mini_picto_bas"></div></div></div></td><td><!-- PL : ici --><div class="bloc-produit  bientot-dispo"><div class="bloc-produit-content"><a title="Voir le produit" href="http://www.refonte.auchandirect.fr/petit-déjeuner-epicerie-sucrée/petit-déjeuner/café-moulu/id1/484/100600"><img src="http://www.refonte.auchandirect.fr/static/images/products/line/100600.jpg" alt="" class="produit "/></a><div class="picto"><span class="invisible"></span></div><div class="boutons-produit"><a class="bt-produit-ajout-panier disable" title="Bientôt disponible" href="javascript:void(0)">Bientôt disponible</a><a id="addProductToShoppingList_594" onclick="javascript:Tapestry.waitForPage(event);" title="Ajouter à ma liste" class="bt-produit-ajout-liste" href="http://www.refonte.auchandirect.fr/rayon.productgridorlist.productlist_1.thumbnailproduct_0.addproducttoshoppinglist/100600?t:ac=484">Ajouter à ma liste</a></div><div class="infos-produit-1"><div class="prix-actuel"><span>3.33€</span></div></div><div class="infos-produit-2"><a title="Voir le produit" href="http://www.refonte.auchandirect.fr/petit-déjeuner-epicerie-sucrée/petit-déjeuner/café-moulu/id1/484/100600"><h2>SAN MARCO</h2><h4>Café moulu</h4><h4>Arabica</h4><p>
250 g
<br/>
13.32€/kg
</p></a></div><div class="mini_picto_bas"><img src="http://www.refonte.auchandirect.fr/static/images/DLC-garantie-30j_small.jpg"/></div></div></div></td><td><!-- PL : ici --><div class="bloc-produit "><div class="bloc-produit-content"><a title="Voir le produit" href="http://www.refonte.auchandirect.fr/petit-déjeuner-epicerie-sucrée/petit-déjeuner/dosettes-de-café-et-chocolat-x-10/id1/484/46658"><img src="http://www.refonte.auchandirect.fr/static/images/products/line/46658.jpg" alt="" class="produit "/></a><div class="picto"><span class="invisible"></span></div><div class="boutons-produit"><a id="addProductToBasket_421" onclick="javascript:Tapestry.waitForPage(event);" title="Ajouter au panier" class="bt-produit-ajout-panier" href="http://www.refonte.auchandirect.fr/rayon.productgridorlist.productlist_1.thumbnailproduct_0.addproducttobasket/46658?t:ac=484">Ajouter au panier</a><a id="addProductToShoppingList_595" onclick="javascript:Tapestry.waitForPage(event);" title="Ajouter à ma liste" class="bt-produit-ajout-liste" href="http://www.refonte.auchandirect.fr/rayon.productgridorlist.productlist_1.thumbnailproduct_0.addproducttoshoppinglist/46658?t:ac=484">Ajouter à ma liste</a></div><div class="infos-produit-1"><div class="prix-actuel"><span>2.99€</span></div></div><div class="infos-produit-2"><a title="Voir le produit" href="http://www.refonte.auchandirect.fr/petit-déjeuner-epicerie-sucrée/petit-déjeuner/dosettes-de-café-et-chocolat-x-10/id1/484/46658"><h2>SENSEO</h2><h4>Dosettes de café et chocolat x 10</h4><h4></h4><p>
125 g
<br/>
23.92€/kg
</p></a></div><div class="mini_picto_bas"><img src="http://www.refonte.auchandirect.fr/static/images/DLC-garantie-30j_small.jpg"/></div></div></div></td></tr><tr><td><!-- PL : ici --><div class="bloc-produit "><div class="bloc-produit-content"><a title="Voir le produit" href="http://www.refonte.auchandirect.fr/petit-déjeuner-epicerie-sucrée/petit-déjeuner/dosettes-de-café-classique-x-18/id1/484/7943"><img src="http://www.refonte.auchandirect.fr/static/images/products/line/7943.jpg" alt="" class="produit "/></a><div class="picto"><span class="invisible"></span></div><div class="boutons-produit"><a id="addProductToBasket_422" onclick="javascript:Tapestry.waitForPage(event);" title="Ajouter au panier" class="bt-produit-ajout-panier" href="http://www.refonte.auchandirect.fr/rayon.productgridorlist.productlist_1.thumbnailproduct_0.addproducttobasket/7943?t:ac=484">Ajouter au panier</a><a id="addProductToShoppingList_596" onclick="javascript:Tapestry.waitForPage(event);" title="Ajouter à ma liste" class="bt-produit-ajout-liste" href="http://www.refonte.auchandirect.fr/rayon.productgridorlist.productlist_1.thumbnailproduct_0.addproducttoshoppinglist/7943?t:ac=484">Ajouter à ma liste</a></div><div class="infos-produit-1"><div class="prix-actuel"><span>2.75€</span></div></div><div class="infos-produit-2"><a title="Voir le produit" href="http://www.refonte.auchandirect.fr/petit-déjeuner-epicerie-sucrée/petit-déjeuner/dosettes-de-café-classique-x-18/id1/484/7943"><h2>SENSEO</h2><h4>Dosettes de café classique x 18</h4><h4></h4><p>
125 g
<br/>
22.00€/kg
</p></a></div><div class="mini_picto_bas"><img src="http://www.refonte.auchandirect.fr/static/images/DLC-garantie-30j_small.jpg"/></div></div></div></td><td><!-- PL : ici --><div class="bloc-produit "><div class="bloc-produit-content"><a title="Voir le produit" href="http://www.refonte.auchandirect.fr/petit-déjeuner-epicerie-sucrée/petit-déjeuner/dosettes-de-café-corsé-x-36/id1/484/43821"><img src="http://www.refonte.auchandirect.fr/static/images/products/line/43821.jpg" alt="" class="produit "/></a><div class="picto"><span class="invisible"></span></div><div class="boutons-produit"><a id="addProductToBasket_423" onclick="javascript:Tapestry.waitForPage(event);" title="Ajouter au panier" class="bt-produit-ajout-panier" href="http://www.refonte.auchandirect.fr/rayon.productgridorlist.productlist_1.thumbnailproduct_0.addproducttobasket/43821?t:ac=484">Ajouter au panier</a><a id="addProductToShoppingList_597" onclick="javascript:Tapestry.waitForPage(event);" title="Ajouter à ma liste" class="bt-produit-ajout-liste" href="http://www.refonte.auchandirect.fr/rayon.productgridorlist.productlist_1.thumbnailproduct_0.addproducttoshoppinglist/43821?t:ac=484">Ajouter à ma liste</a></div><div class="infos-produit-1"><div class="prix-actuel"><span>4.40€</span></div></div><div class="infos-produit-2"><a title="Voir le produit" href="http://www.refonte.auchandirect.fr/petit-déjeuner-epicerie-sucrée/petit-déjeuner/dosettes-de-café-corsé-x-36/id1/484/43821"><h2>SENSEO</h2><h4>Dosettes de café corsé x 36</h4><h4></h4><p>
250 g
<br/>
17.60€/kg
</p></a></div><div class="mini_picto_bas"><img src="http://www.refonte.auchandirect.fr/static/images/DLC-garantie-30j_small.jpg"/></div></div></div></td><td><!-- PL : ici --><div class="bloc-produit "><div class="bloc-produit-content"><a title="Voir le produit" href="http://www.refonte.auchandirect.fr/petit-déjeuner-epicerie-sucrée/petit-déjeuner/dosettes-de-café-cappucino-x-10/id1/484/44238"><img src="http://www.refonte.auchandirect.fr/static/images/products/line/44238.jpg" alt="" class="produit "/></a><div class="picto"><span class="invisible"></span></div><div class="boutons-produit"><a id="addProductToBasket_424" onclick="javascript:Tapestry.waitForPage(event);" title="Ajouter au panier" class="bt-produit-ajout-panier" href="http://www.refonte.auchandirect.fr/rayon.productgridorlist.productlist_1.thumbnailproduct_0.addproducttobasket/44238?t:ac=484">Ajouter au panier</a><a id="addProductToShoppingList_598" onclick="javascript:Tapestry.waitForPage(event);" title="Ajouter à ma liste" class="bt-produit-ajout-liste" href="http://www.refonte.auchandirect.fr/rayon.productgridorlist.productlist_1.thumbnailproduct_0.addproducttoshoppinglist/44238?t:ac=484">Ajouter à ma liste</a></div><div class="infos-produit-1"><div class="prix-actuel"><span>3.20€</span></div></div><div class="infos-produit-2"><a title="Voir le produit" href="http://www.refonte.auchandirect.fr/petit-déjeuner-epicerie-sucrée/petit-déjeuner/dosettes-de-café-cappucino-x-10/id1/484/44238"><h2>SENSEO</h2><h4>Dosettes de café cappucino  x 10</h4><h4></h4><p>
125 g
<br/>
25.60€/kg
</p></a></div><div class="mini_picto_bas"><img src="http://www.refonte.auchandirect.fr/static/images/DLC-garantie-30j_small.jpg"/></div></div></div></td></tr><tr><td><!-- PL : ici --><div class="bloc-produit  bientot-dispo"><div class="bloc-produit-content"><a title="Voir le produit" href="http://www.refonte.auchandirect.fr/petit-déjeuner-epicerie-sucrée/petit-déjeuner/dosettes-de-café-corsé-x-18/id1/484/15464"><img src="http://www.refonte.auchandirect.fr/static/images/products/line/15464.jpg" alt="" class="produit "/></a><div class="picto"><span class="invisible"></span></div><div class="boutons-produit"><a class="bt-produit-ajout-panier disable" title="Bientôt disponible" href="javascript:void(0)">Bientôt disponible</a><a id="addProductToShoppingList_599" onclick="javascript:Tapestry.waitForPage(event);" title="Ajouter à ma liste" class="bt-produit-ajout-liste" href="http://www.refonte.auchandirect.fr/rayon.productgridorlist.productlist_1.thumbnailproduct_0.addproducttoshoppinglist/15464?t:ac=484">Ajouter à ma liste</a></div><div class="infos-produit-1"><div class="prix-actuel"><span>2.60€</span></div></div><div class="infos-produit-2"><a title="Voir le produit" href="http://www.refonte.auchandirect.fr/petit-déjeuner-epicerie-sucrée/petit-déjeuner/dosettes-de-café-corsé-x-18/id1/484/15464"><h2>SENSEO</h2><h4>Dosettes de café corsé x 18</h4><h4></h4><p>
125 g
<br/>
20.80€/kg
</p></a></div><div class="mini_picto_bas"><img src="http://www.refonte.auchandirect.fr/static/images/DLC-garantie-30j_small.jpg"/></div></div></div></td><td><!-- PL : ici --><div class="bloc-produit "><div class="bloc-produit-content"><a title="Voir le produit" href="http://www.refonte.auchandirect.fr/petit-déjeuner-epicerie-sucrée/petit-déjeuner/dosettes-de-café-doux-x-18/id1/484/15465"><img src="http://www.refonte.auchandirect.fr/static/images/products/line/15465.jpg" alt="" class="produit "/></a><div class="picto"><span class="invisible"></span></div><div class="boutons-produit"><a id="addProductToBasket_425" onclick="javascript:Tapestry.waitForPage(event);" title="Ajouter au panier" class="bt-produit-ajout-panier" href="http://www.refonte.auchandirect.fr/rayon.productgridorlist.productlist_1.thumbnailproduct_0.addproducttobasket/15465?t:ac=484">Ajouter au panier</a><a id="addProductToShoppingList_600" onclick="javascript:Tapestry.waitForPage(event);" title="Ajouter à ma liste" class="bt-produit-ajout-liste" href="http://www.refonte.auchandirect.fr/rayon.productgridorlist.productlist_1.thumbnailproduct_0.addproducttoshoppinglist/15465?t:ac=484">Ajouter à ma liste</a></div><div class="infos-produit-1"><div class="prix-actuel"><span>2.86€</span></div></div><div class="infos-produit-2"><a title="Voir le produit" href="http://www.refonte.auchandirect.fr/petit-déjeuner-epicerie-sucrée/petit-déjeuner/dosettes-de-café-doux-x-18/id1/484/15465"><h2>SENSEO</h2><h4>Dosettes de café doux x 18</h4><h4></h4><p>
125 g
<br/>
22.88€/kg
</p></a></div><div class="mini_picto_bas"><img src="http://www.refonte.auchandirect.fr/static/images/DLC-garantie-30j_small.jpg"/></div></div></div></td><td><!-- PL : ici --><div class="bloc-produit "><div class="bloc-produit-content"><a title="Voir le produit" href="http://www.refonte.auchandirect.fr/petit-déjeuner-epicerie-sucrée/petit-déjeuner/dosettes-de-café-classique-x-36/id1/484/43822"><img src="http://www.refonte.auchandirect.fr/static/images/products/line/43822.jpg" alt="" class="produit "/></a><div class="picto"><span class="invisible"></span></div><div class="boutons-produit"><a id="addProductToBasket_426" onclick="javascript:Tapestry.waitForPage(event);" title="Ajouter au panier" class="bt-produit-ajout-panier" href="http://www.refonte.auchandirect.fr/rayon.productgridorlist.productlist_1.thumbnailproduct_0.addproducttobasket/43822?t:ac=484">Ajouter au panier</a><a id="addProductToShoppingList_601" onclick="javascript:Tapestry.waitForPage(event);" title="Ajouter à ma liste" class="bt-produit-ajout-liste" href="http://www.refonte.auchandirect.fr/rayon.productgridorlist.productlist_1.thumbnailproduct_0.addproducttoshoppinglist/43822?t:ac=484">Ajouter à ma liste</a></div><div class="infos-produit-1"><div class="prix-actuel"><span>4.40€</span></div></div><div class="infos-produit-2"><a title="Voir le produit" href="http://www.refonte.auchandirect.fr/petit-déjeuner-epicerie-sucrée/petit-déjeuner/dosettes-de-café-classique-x-36/id1/484/43822"><h2>SENSEO</h2><h4>Dosettes de café classique x 36</h4><h4></h4><p>
250 g
<br/>
17.60€/kg
</p></a></div><div class="mini_picto_bas"><img src="http://www.refonte.auchandirect.fr/static/images/DLC-garantie-30j_small.jpg"/></div></div></div></td></tr><tr><td><!-- PL : ici --><div class="bloc-produit "><div class="bloc-produit-content"><a title="Voir le produit" href="http://www.refonte.auchandirect.fr/petit-déjeuner-epicerie-sucrée/petit-déjeuner/dosettes-de-café-décaféiné-x-18/id1/484/15466"><img src="http://www.refonte.auchandirect.fr/static/images/products/line/15466.jpg" alt="" class="produit "/></a><div class="picto"><span class="invisible"></span></div><div class="boutons-produit"><a id="addProductToBasket_427" onclick="javascript:Tapestry.waitForPage(event);" title="Ajouter au panier" class="bt-produit-ajout-panier" href="http://www.refonte.auchandirect.fr/rayon.productgridorlist.productlist_1.thumbnailproduct_0.addproducttobasket/15466?t:ac=484">Ajouter au panier</a><a id="addProductToShoppingList_602" onclick="javascript:Tapestry.waitForPage(event);" title="Ajouter à ma liste" class="bt-produit-ajout-liste" href="http://www.refonte.auchandirect.fr/rayon.productgridorlist.productlist_1.thumbnailproduct_0.addproducttoshoppinglist/15466?t:ac=484">Ajouter à ma liste</a></div><div class="infos-produit-1"><div class="prix-actuel"><span>2.70€</span></div></div><div class="infos-produit-2"><a title="Voir le produit" href="http://www.refonte.auchandirect.fr/petit-déjeuner-epicerie-sucrée/petit-déjeuner/dosettes-de-café-décaféiné-x-18/id1/484/15466"><h2>SENSEO</h2><h4>Dosettes de café décaféiné x 18</h4><h4></h4><p>
125 g
<br/>
21.60€/kg
</p></a></div><div class="mini_picto_bas"><img src="http://www.refonte.auchandirect.fr/static/images/DLC-garantie-30j_small.jpg"/></div></div></div></td><td><!-- PL : ici --><div class="bloc-produit  bientot-dispo"><div class="bloc-produit-content"><a title="Voir le produit" href="http://www.refonte.auchandirect.fr/petit-déjeuner-epicerie-sucrée/petit-déjeuner/café-moulu-en-dosettes-filtre-individuelle-x-48/id1/484/91676"><img src="http://www.refonte.auchandirect.fr/static/images/products/line/91676.jpg" alt="" class="produit "/></a><div class="picto"><span class="invisible"></span></div><div class="boutons-produit"><a class="bt-produit-ajout-panier disable" title="Bientôt disponible" href="javascript:void(0)">Bientôt disponible</a><a id="addProductToShoppingList_603" onclick="javascript:Tapestry.waitForPage(event);" title="Ajouter à ma liste" class="bt-produit-ajout-liste" href="http://www.refonte.auchandirect.fr/rayon.productgridorlist.productlist_1.thumbnailproduct_0.addproducttoshoppinglist/91676?t:ac=484">Ajouter à ma liste</a></div><div class="infos-produit-1"><div class="prix-actuel"><span>6.25€</span></div></div><div class="infos-produit-2"><a title="Voir le produit" href="http://www.refonte.auchandirect.fr/petit-déjeuner-epicerie-sucrée/petit-déjeuner/café-moulu-en-dosettes-filtre-individuelle-x-48/id1/484/91676"><h2>SENSEO</h2><h4>Café moulu en dosettes filtre individuelle x 48</h4><h4>Classique</h4><p>
333 g
<br/>
18.77€/kg
</p></a></div><div class="mini_picto_bas"></div></div></div></td><td><!-- PL : ici --><div class="bloc-produit "><div class="bloc-produit-content"><a title="Voir le produit" href="http://www.refonte.auchandirect.fr/petit-déjeuner-epicerie-sucrée/petit-déjeuner/dosettes-de-café-corsé-x-48/id1/484/91680"><img src="http://www.refonte.auchandirect.fr/static/images/products/line/91680.jpg" alt="" class="produit "/></a><div class="picto"><span class="invisible"></span></div><div class="boutons-produit"><a id="addProductToBasket_428" onclick="javascript:Tapestry.waitForPage(event);" title="Ajouter au panier" class="bt-produit-ajout-panier" href="http://www.refonte.auchandirect.fr/rayon.productgridorlist.productlist_1.thumbnailproduct_0.addproducttobasket/91680?t:ac=484">Ajouter au panier</a><a id="addProductToShoppingList_604" onclick="javascript:Tapestry.waitForPage(event);" title="Ajouter à ma liste" class="bt-produit-ajout-liste" href="http://www.refonte.auchandirect.fr/rayon.productgridorlist.productlist_1.thumbnailproduct_0.addproducttoshoppinglist/91680?t:ac=484">Ajouter à ma liste</a></div><div class="infos-produit-1"><div class="prix-actuel"><span>6.25€</span></div></div><div class="infos-produit-2"><a title="Voir le produit" href="http://www.refonte.auchandirect.fr/petit-déjeuner-epicerie-sucrée/petit-déjeuner/dosettes-de-café-corsé-x-48/id1/484/91680"><h2>SENSEO</h2><h4>Dosettes de café corsé x 48</h4><h4></h4><p>
250 g
<br/>
25.00€/kg
</p></a></div><div class="mini_picto_bas"></div></div></div></td></tr><tr><td><!-- PL : ici --><div class="bloc-produit  bientot-dispo"><div class="bloc-produit-content"><a title="Voir le produit" href="http://www.refonte.auchandirect.fr/petit-déjeuner-epicerie-sucrée/petit-déjeuner/dosettes-de-café-classique-x-36/id1/484/28202"><img src="http://www.refonte.auchandirect.fr/static/images/products/line/28202.jpg" alt="" class="produit "/></a><div class="picto"><span class="invisible"></span></div><div class="boutons-produit"><a class="bt-produit-ajout-panier disable" title="Bientôt disponible" href="javascript:void(0)">Bientôt disponible</a><a id="addProductToShoppingList_605" onclick="javascript:Tapestry.waitForPage(event);" title="Ajouter à ma liste" class="bt-produit-ajout-liste" href="http://www.refonte.auchandirect.fr/rayon.productgridorlist.productlist_1.thumbnailproduct_0.addproducttoshoppinglist/28202?t:ac=484">Ajouter à ma liste</a></div><div class="infos-produit-1"><div class="prix-actuel"><span>3.99€</span></div></div><div class="infos-produit-2"><a title="Voir le produit" href="http://www.refonte.auchandirect.fr/petit-déjeuner-epicerie-sucrée/petit-déjeuner/dosettes-de-café-classique-x-36/id1/484/28202"><h2>SENSEO</h2><h4>Dosettes de café classique x 36</h4><h4>Classique</h4><p>
250 g
<br/>
15.96€/kg
</p></a></div><div class="mini_picto_bas"></div></div></div></td><td><!-- PL : ici --><div class="bloc-produit promotion"><div class="bloc-produit-content"><a title="Voir le produit" href="../dosettes-de-caf%25C3%25A9-offre-eco/id1/484/76809.html"><img src="http://www.refonte.auchandirect.fr/static/images/products/line/76809.jpg" alt="" class="produit "/></a><div class="picto"><span class="invisible"></span></div><img src="http://www.refonte.auchandirect.fr/static/images/promo_small.png" class="ruban"/><div class="boutons-produit"><a id="addProductToBasket_429" onclick="javascript:Tapestry.waitForPage(event);" title="Ajouter au panier" class="bt-produit-ajout-panier" href="http://www.refonte.auchandirect.fr/rayon.productgridorlist.productlist_1.thumbnailproduct_0.addproducttobasket/76809?t:ac=484">Ajouter au panier</a><a id="addProductToShoppingList_606" onclick="javascript:Tapestry.waitForPage(event);" title="Ajouter à ma liste" class="bt-produit-ajout-liste" href="http://www.refonte.auchandirect.fr/rayon.productgridorlist.productlist_1.thumbnailproduct_0.addproducttoshoppinglist/76809?t:ac=484">Ajouter à ma liste</a></div><div class="infos-produit-1"><div class="prix-actuel"><span>4.25€</span></div></div><div class="infos-produit-2"><a title="Voir le produit" href="../dosettes-de-caf%25C3%25A9-offre-eco/id1/484/76809.html"><h2>SENSEO</h2><h4>Dosettes de café Offre Eco</h4><h4>Doux</h4><p>
250 g
<br/>
17.00€/kg
</p></a></div><div class="mini_picto_bas"></div></div></div></td><td><!-- PL : ici --><div class="bloc-produit  bientot-dispo"><div class="bloc-produit-content"><a title="Voir le produit" href="http://www.refonte.auchandirect.fr/petit-déjeuner-epicerie-sucrée/bien-etre,-forme/biscottes-sans-gluten/id1/431988/60609"><img src="http://www.refonte.auchandirect.fr/static/images/products/line/60609.jpg" alt="" class="produit "/></a><div class="picto"><span class="invisible"></span></div><div class="boutons-produit"><a class="bt-produit-ajout-panier disable" title="Bientôt disponible" href="javascript:void(0)">Bientôt disponible</a><a id="addProductToShoppingList_607" onclick="javascript:Tapestry.waitForPage(event);" title="Ajouter à ma liste" class="bt-produit-ajout-liste" href="http://www.refonte.auchandirect.fr/rayon.productgridorlist.productlist_1.thumbnailproduct_0.addproducttoshoppinglist/60609?t:ac=484">Ajouter à ma liste</a></div><div class="infos-produit-1"><div class="prix-actuel"><span>4.50€</span></div></div><div class="infos-produit-2"><a title="Voir le produit" href="http://www.refonte.auchandirect.fr/petit-déjeuner-epicerie-sucrée/bien-etre,-forme/biscottes-sans-gluten/id1/431988/60609"><h2>SHÄR</h2><h4>Biscottes sans gluten</h4><h4>Fette biscottate</h4><p>
250 g
<br/>
18.00€/kg
</p></a></div><div class="mini_picto_bas"><img src="http://www.refonte.auchandirect.fr/static/images/DLC-garantie-30j_small.jpg"/></div></div></div></td></tr><tr><td><!-- PL : ici --><div class="bloc-produit "><div class="bloc-produit-content"><a title="Voir le produit" href="http://www.refonte.auchandirect.fr/petit-déjeuner-epicerie-sucrée/bien-etre,-forme/petits-pains-grillés-sans-gluten/id1/431988/60608"><img src="http://www.refonte.auchandirect.fr/static/images/products/line/60608.jpg" alt="" class="produit "/></a><div class="picto"><span class="invisible"></span></div><div class="boutons-produit"><a id="addProductToBasket_430" onclick="javascript:Tapestry.waitForPage(event);" title="Ajouter au panier" class="bt-produit-ajout-panier" href="http://www.refonte.auchandirect.fr/rayon.productgridorlist.productlist_1.thumbnailproduct_0.addproducttobasket/60608?t:ac=484">Ajouter au panier</a><a id="addProductToShoppingList_608" onclick="javascript:Tapestry.waitForPage(event);" title="Ajouter à ma liste" class="bt-produit-ajout-liste" href="http://www.refonte.auchandirect.fr/rayon.productgridorlist.productlist_1.thumbnailproduct_0.addproducttoshoppinglist/60608?t:ac=484">Ajouter à ma liste</a></div><div class="infos-produit-1"><div class="prix-actuel"><span>4.07€</span></div></div><div class="infos-produit-2"><a title="Voir le produit" href="http://www.refonte.auchandirect.fr/petit-déjeuner-epicerie-sucrée/bien-etre,-forme/petits-pains-grillés-sans-gluten/id1/431988/60608"><h2>SHÄR</h2><h4>Petits pains grillés sans gluten</h4><h4>Crisp Rolls</h4><p>
150 g
<br/>
27.13€/kg
</p></a></div><div class="mini_picto_bas"><img src="http://www.refonte.auchandirect.fr/static/images/DLC-garantie-30j_small.jpg"/></div></div></div></td><td><!-- PL : ici --><div class="bloc-produit  bientot-dispo"><div class="bloc-produit-content"><a title="Voir le produit" href="../../../boissons/jus,-softs/boisson-au-jus-de-fruits-doux/id1/476/54111.html"><img src="http://www.refonte.auchandirect.fr/static/images/products/line/54111.jpg" alt="" class="produit "/></a><div class="picto"><span class="invisible"></span></div><div class="boutons-produit"><a class="bt-produit-ajout-panier disable" title="Bientôt disponible" href="javascript:void(0)">Bientôt disponible</a><a id="addProductToShoppingList_609" onclick="javascript:Tapestry.waitForPage(event);" title="Ajouter à ma liste" class="bt-produit-ajout-liste" href="http://www.refonte.auchandirect.fr/rayon.productgridorlist.productlist_1.thumbnailproduct_0.addproducttoshoppinglist/54111?t:ac=484">Ajouter à ma liste</a></div><div class="infos-produit-1"><div class="prix-actuel"><span>1.99€</span></div></div><div class="infos-produit-2"><a title="Voir le produit" href="../../../boissons/jus,-softs/boisson-au-jus-de-fruits-doux/id1/476/54111.html"><h2>SUNNY DELIGHT</h2><h4>Boisson au jus de fruits doux</h4><h4>California</h4><p>
1,25 l
<br/>
1.59€/l
</p></a></div><div class="mini_picto_bas"><img alt="frais" src="http://www.refonte.auchandirect.fr/static/images/frais_small.jpg"/><img src="http://www.refonte.auchandirect.fr/static/images/DLC-garantie-6j_small.jpg"/></div></div></div></td><td><!-- PL : ici --><div class="bloc-produit  bientot-dispo"><div class="bloc-produit-content"><a title="Voir le produit" href="../../../boissons/jus,-softs/boisson-au-jus-de-fruits-acidul%25C3%25A9e/id1/476/54109.html"><img src="http://www.refonte.auchandirect.fr/static/images/products/line/54109.jpg" alt="" class="produit "/></a><div class="picto"><span class="invisible"></span></div><div class="boutons-produit"><a class="bt-produit-ajout-panier disable" title="Bientôt disponible" href="javascript:void(0)">Bientôt disponible</a><a id="addProductToShoppingList_610" onclick="javascript:Tapestry.waitForPage(event);" title="Ajouter à ma liste" class="bt-produit-ajout-liste" href="http://www.refonte.auchandirect.fr/rayon.productgridorlist.productlist_1.thumbnailproduct_0.addproducttoshoppinglist/54109?t:ac=484">Ajouter à ma liste</a></div><div class="infos-produit-1"><div class="prix-actuel"><span>1.99€</span></div></div><div class="infos-produit-2"><a title="Voir le produit" href="../../../boissons/jus,-softs/boisson-au-jus-de-fruits-acidul%25C3%25A9e/id1/476/54109.html"><h2>SUNNY DELIGHT</h2><h4>Boisson au jus de fruits acidulée</h4><h4>Florida</h4><p>
1,25 l
<br/>
1.59€/l
</p></a></div><div class="mini_picto_bas"><img alt="frais" src="http://www.refonte.auchandirect.fr/static/images/frais_small.jpg"/><img src="http://www.refonte.auchandirect.fr/static/images/DLC-garantie-6j_small.jpg"/></div></div></div></td></tr><tr><td><!-- PL : ici --><div class="bloc-produit  bientot-dispo"><div class="bloc-produit-content"><a title="Voir le produit" href="http://www.refonte.auchandirect.fr/petit-déjeuner-epicerie-sucrée/petit-déjeuner/dosettes-de-chocolat-au-lait-x-8/id1/484/51400"><img src="http://www.refonte.auchandirect.fr/static/images/products/line/51400.jpg" alt="" class="produit "/></a><div class="picto"><span class="invisible"></span></div><div class="boutons-produit"><a class="bt-produit-ajout-panier disable" title="Bientôt disponible" href="javascript:void(0)">Bientôt disponible</a><a id="addProductToShoppingList_611" onclick="javascript:Tapestry.waitForPage(event);" title="Ajouter à ma liste" class="bt-produit-ajout-liste" href="http://www.refonte.auchandirect.fr/rayon.productgridorlist.productlist_1.thumbnailproduct_0.addproducttoshoppinglist/51400?t:ac=484">Ajouter à ma liste</a></div><div class="infos-produit-1"><div class="prix-actuel"><span>5.15€</span></div></div><div class="infos-produit-2"><a title="Voir le produit" href="http://www.refonte.auchandirect.fr/petit-déjeuner-epicerie-sucrée/petit-déjeuner/dosettes-de-chocolat-au-lait-x-8/id1/484/51400"><h2>TASSIMO</h2><h4>Dosettes de chocolat au lait x 8</h4><h4>Milka</h4><p>
364 g
<br/>
14.15€/kg
</p></a></div><div class="mini_picto_bas"><img src="http://www.refonte.auchandirect.fr/static/images/DLC-garantie-30j_small.jpg"/></div></div></div></td><td><!-- PL : ici --><div class="bloc-produit "><div class="bloc-produit-content"><a title="Voir le produit" href="http://www.refonte.auchandirect.fr/petit-déjeuner-epicerie-sucrée/petit-déjeuner/dosettes-de-café-expresso-x-16/id1/484/56516"><img src="http://www.refonte.auchandirect.fr/static/images/products/line/56516.jpg" alt="" class="produit "/></a><div class="picto"><span class="invisible"></span></div><div class="boutons-produit"><a id="addProductToBasket_431" onclick="javascript:Tapestry.waitForPage(event);" title="Ajouter au panier" class="bt-produit-ajout-panier" href="http://www.refonte.auchandirect.fr/rayon.productgridorlist.productlist_1.thumbnailproduct_0.addproducttobasket/56516?t:ac=484">Ajouter au panier</a><a id="addProductToShoppingList_612" onclick="javascript:Tapestry.waitForPage(event);" title="Ajouter à ma liste" class="bt-produit-ajout-liste" href="http://www.refonte.auchandirect.fr/rayon.productgridorlist.productlist_1.thumbnailproduct_0.addproducttoshoppinglist/56516?t:ac=484">Ajouter à ma liste</a></div><div class="infos-produit-1"><div class="prix-actuel"><span>4.85€</span></div></div><div class="infos-produit-2"><a title="Voir le produit" href="http://www.refonte.auchandirect.fr/petit-déjeuner-epicerie-sucrée/petit-déjeuner/dosettes-de-café-expresso-x-16/id1/484/56516"><h2>TASSIMO</h2><h4>Dosettes de café expresso x 16</h4><h4>Décaféiné</h4><p>
118 g
<br/>
41.10€/kg
</p></a></div><div class="mini_picto_bas"><img src="http://www.refonte.auchandirect.fr/static/images/DLC-garantie-30j_small.jpg"/></div></div></div></td><td><!-- PL : ici --><div class="bloc-produit "><div class="bloc-produit-content"><a title="Voir le produit" href="http://www.refonte.auchandirect.fr/petit-déjeuner-epicerie-sucrée/petit-déjeuner/dosettes-de-café-classic-x-16/id1/484/104267"><img src="http://www.refonte.auchandirect.fr/static/images/products/line/104267.jpg" alt="" class="produit "/></a><div class="picto"><span class="invisible"></span></div><div class="boutons-produit"><a id="addProductToBasket_432" onclick="javascript:Tapestry.waitForPage(event);" title="Ajouter au panier" class="bt-produit-ajout-panier" href="http://www.refonte.auchandirect.fr/rayon.productgridorlist.productlist_1.thumbnailproduct_0.addproducttobasket/104267?t:ac=484">Ajouter au panier</a><a id="addProductToShoppingList_613" onclick="javascript:Tapestry.waitForPage(event);" title="Ajouter à ma liste" class="bt-produit-ajout-liste" href="http://www.refonte.auchandirect.fr/rayon.productgridorlist.productlist_1.thumbnailproduct_0.addproducttoshoppinglist/104267?t:ac=484">Ajouter à ma liste</a></div><div class="infos-produit-1"><div class="prix-actuel"><span>4.49€</span></div></div><div class="infos-produit-2"><a title="Voir le produit" href="http://www.refonte.auchandirect.fr/petit-déjeuner-epicerie-sucrée/petit-déjeuner/dosettes-de-café-classic-x-16/id1/484/104267"><h2>TASSIMO</h2><h4>Dosettes de café classic x 16</h4><h4>Columbia</h4><p>
110 g
<br/>
40.82€/kg
</p></a></div><div class="mini_picto_bas"></div></div></div></td></tr><tr><td><!-- PL : ici --><div class="bloc-produit "><div class="bloc-produit-content"><a title="Voir le produit" href="http://www.refonte.auchandirect.fr/petit-déjeuner-epicerie-sucrée/petit-déjeuner/dosettes-de-café-classique-x-16/id1/484/105222"><img src="http://www.refonte.auchandirect.fr/static/images/products/line/105222.jpg" alt="" class="produit "/></a><div class="picto"><span class="invisible"></span></div><div class="boutons-produit"><a id="addProductToBasket_433" onclick="javascript:Tapestry.waitForPage(event);" title="Ajouter au panier" class="bt-produit-ajout-panier" href="http://www.refonte.auchandirect.fr/rayon.productgridorlist.productlist_1.thumbnailproduct_0.addproducttobasket/105222?t:ac=484">Ajouter au panier</a><a id="addProductToShoppingList_614" onclick="javascript:Tapestry.waitForPage(event);" title="Ajouter à ma liste" class="bt-produit-ajout-liste" href="http://www.refonte.auchandirect.fr/rayon.productgridorlist.productlist_1.thumbnailproduct_0.addproducttoshoppinglist/105222?t:ac=484">Ajouter à ma liste</a></div><div class="infos-produit-1"><div class="prix-actuel"><span>4.49€</span></div></div><div class="infos-produit-2"><a title="Voir le produit" href="http://www.refonte.auchandirect.fr/petit-déjeuner-epicerie-sucrée/petit-déjeuner/dosettes-de-café-classique-x-16/id1/484/105222"><h2>TASSIMO</h2><h4>Dosettes de café classique x 16</h4><h4>Expresso</h4><p>
104 g
<br/>
43.17€/kg
</p></a></div><div class="mini_picto_bas"></div></div></div></td><td><!-- PL : ici --><div class="bloc-produit "><div class="bloc-produit-content"><a title="Voir le produit" href="http://www.refonte.auchandirect.fr/petit-déjeuner-epicerie-sucrée/petit-déjeuner/dosette-de-café-x-16/id1/484/105223"><img src="http://www.refonte.auchandirect.fr/static/images/products/line/105223.jpg" alt="" class="produit "/></a><div class="picto"><span class="invisible"></span></div><div class="boutons-produit"><a id="addProductToBasket_434" onclick="javascript:Tapestry.waitForPage(event);" title="Ajouter au panier" class="bt-produit-ajout-panier" href="http://www.refonte.auchandirect.fr/rayon.productgridorlist.productlist_1.thumbnailproduct_0.addproducttobasket/105223?t:ac=484">Ajouter au panier</a><a id="addProductToShoppingList_615" onclick="javascript:Tapestry.waitForPage(event);" title="Ajouter à ma liste" class="bt-produit-ajout-liste" href="http://www.refonte.auchandirect.fr/rayon.productgridorlist.productlist_1.thumbnailproduct_0.addproducttoshoppinglist/105223?t:ac=484">Ajouter à ma liste</a></div><div class="infos-produit-1"><div class="prix-actuel"><span>4.49€</span></div></div><div class="infos-produit-2"><a title="Voir le produit" href="http://www.refonte.auchandirect.fr/petit-déjeuner-epicerie-sucrée/petit-déjeuner/dosette-de-café-x-16/id1/484/105223"><h2>TASSIMO</h2><h4>Dosette de café x 16</h4><h4>Voluptuoso</h4><p>
104 g
<br/>
43.17€/kg
</p></a></div><div class="mini_picto_bas"></div></div></div></td><td><!-- PL : ici --><div class="bloc-produit "><div class="bloc-produit-content"><a title="Voir le produit" href="http://www.refonte.auchandirect.fr/petit-déjeuner-epicerie-sucrée/petit-déjeuner/dosette-de-café-x-16/id1/484/105224"><img src="http://www.refonte.auchandirect.fr/static/images/products/line/105224.jpg" alt="" class="produit "/></a><div class="picto"><span class="invisible"></span></div><div class="boutons-produit"><a id="addProductToBasket_435" onclick="javascript:Tapestry.waitForPage(event);" title="Ajouter au panier" class="bt-produit-ajout-panier" href="http://www.refonte.auchandirect.fr/rayon.productgridorlist.productlist_1.thumbnailproduct_0.addproducttobasket/105224?t:ac=484">Ajouter au panier</a><a id="addProductToShoppingList_616" onclick="javascript:Tapestry.waitForPage(event);" title="Ajouter à ma liste" class="bt-produit-ajout-liste" href="http://www.refonte.auchandirect.fr/rayon.productgridorlist.productlist_1.thumbnailproduct_0.addproducttoshoppinglist/105224?t:ac=484">Ajouter à ma liste</a></div><div class="infos-produit-1"><div class="prix-actuel"><span>4.49€</span></div></div><div class="infos-produit-2"><a title="Voir le produit" href="http://www.refonte.auchandirect.fr/petit-déjeuner-epicerie-sucrée/petit-déjeuner/dosette-de-café-x-16/id1/484/105224"><h2>TASSIMO</h2><h4>Dosette de café x 16</h4><h4>Petit Déjeuner</h4><p>
133 g
<br/>
33.76€/kg
</p></a></div><div class="mini_picto_bas"></div></div></div></td></tr><tr><td><!-- PL : ici --><div class="bloc-produit "><div class="bloc-produit-content"><a title="Voir le produit" href="http://www.refonte.auchandirect.fr/petit-déjeuner-epicerie-sucrée/petit-déjeuner/thé-anglais-tir'press/id1/484/2976"><img src="http://www.refonte.auchandirect.fr/static/images/products/line/2976.jpg" alt="" class="produit "/></a><div class="picto"><span class="invisible"></span></div><div class="boutons-produit"><a id="addProductToBasket_436" onclick="javascript:Tapestry.waitForPage(event);" title="Ajouter au panier" class="bt-produit-ajout-panier" href="http://www.refonte.auchandirect.fr/rayon.productgridorlist.productlist_1.thumbnailproduct_0.addproducttobasket/2976?t:ac=484">Ajouter au panier</a><a id="addProductToShoppingList_617" onclick="javascript:Tapestry.waitForPage(event);" title="Ajouter à ma liste" class="bt-produit-ajout-liste" href="http://www.refonte.auchandirect.fr/rayon.productgridorlist.productlist_1.thumbnailproduct_0.addproducttoshoppinglist/2976?t:ac=484">Ajouter à ma liste</a></div><div class="infos-produit-1"><div class="prix-actuel"><span>1.69€</span></div></div><div class="infos-produit-2"><a title="Voir le produit" href="http://www.refonte.auchandirect.fr/petit-déjeuner-epicerie-sucrée/petit-déjeuner/thé-anglais-tir'press/id1/484/2976"><h2>TETLEY</h2><h4>Thé anglais tir'press</h4><h4>English Breakfast</h4><p>
50 g
<br/>
33.80€/kg
</p></a></div><div class="mini_picto_bas"><img src="http://www.refonte.auchandirect.fr/static/images/DLC-garantie-30j_small.jpg"/></div></div></div></td><td><!-- PL : ici --><div class="bloc-produit "><div class="bloc-produit-content"><a title="Voir le produit" href="http://www.refonte.auchandirect.fr/petit-déjeuner-epicerie-sucrée/petit-déjeuner/thé-vert-légèrement-aromatisé/id1/484/51880"><img src="http://www.refonte.auchandirect.fr/static/images/products/line/51880.jpg" alt="" class="produit "/></a><div class="picto"><span class="invisible"></span></div><div class="boutons-produit"><a id="addProductToBasket_437" onclick="javascript:Tapestry.waitForPage(event);" title="Ajouter au panier" class="bt-produit-ajout-panier" href="http://www.refonte.auchandirect.fr/rayon.productgridorlist.productlist_1.thumbnailproduct_0.addproducttobasket/51880?t:ac=484">Ajouter au panier</a><a id="addProductToShoppingList_618" onclick="javascript:Tapestry.waitForPage(event);" title="Ajouter à ma liste" class="bt-produit-ajout-liste" href="http://www.refonte.auchandirect.fr/rayon.productgridorlist.productlist_1.thumbnailproduct_0.addproducttoshoppinglist/51880?t:ac=484">Ajouter à ma liste</a></div><div class="infos-produit-1"><div class="prix-actuel"><span>2.52€</span></div></div><div class="infos-produit-2"><a title="Voir le produit" href="http://www.refonte.auchandirect.fr/petit-déjeuner-epicerie-sucrée/petit-déjeuner/thé-vert-légèrement-aromatisé/id1/484/51880"><h2>TETLEY</h2><h4>Thé vert légèrement aromatisé</h4><h4>Menthe</h4><p>
45 g
<br/>
56.00€/kg
</p></a></div><div class="mini_picto_bas"><img src="http://www.refonte.auchandirect.fr/static/images/DLC-garantie-30j_small.jpg"/></div></div></div></td><td><!-- PL : ici --><div class="bloc-produit "><div class="bloc-produit-content"><a title="Voir le produit" href="http://www.refonte.auchandirect.fr/boissons/jus,-softs/pur-jus-de-clementine/id1/476/61008"><img src="http://www.refonte.auchandirect.fr/static/images/products/line/61008.jpg" alt="" class="produit "/></a><div class="picto"><span class="invisible"></span></div><div class="boutons-produit"><a id="addProductToBasket_438" onclick="javascript:Tapestry.waitForPage(event);" title="Ajouter au panier" class="bt-produit-ajout-panier" href="http://www.refonte.auchandirect.fr/rayon.productgridorlist.productlist_1.thumbnailproduct_0.addproducttobasket/61008?t:ac=484">Ajouter au panier</a><a id="addProductToShoppingList_619" onclick="javascript:Tapestry.waitForPage(event);" title="Ajouter à ma liste" class="bt-produit-ajout-liste" href="http://www.refonte.auchandirect.fr/rayon.productgridorlist.productlist_1.thumbnailproduct_0.addproducttoshoppinglist/61008?t:ac=484">Ajouter à ma liste</a></div><div class="infos-produit-1"><div class="prix-actuel"><span>2.79€</span></div></div><div class="infos-produit-2"><a title="Voir le produit" href="http://www.refonte.auchandirect.fr/boissons/jus,-softs/pur-jus-de-clementine/id1/476/61008"><h2>TROPICANA</h2><h4>Pur jus de clementine</h4><h4></h4><p>
1 l
<br/>
2.79€/l
</p></a></div><div class="mini_picto_bas"></div></div></div></td></tr><tr><td><!-- PL : ici --><div class="bloc-produit "><div class="bloc-produit-content"><a title="Voir le produit" href="http://www.refonte.auchandirect.fr/boissons/jus,-softs/jus-de-pamplemousse/id1/476/60027"><img src="http://www.refonte.auchandirect.fr/static/images/products/line/60027.jpg" alt="" class="produit "/></a><div class="picto"><span class="invisible"></span></div><div class="boutons-produit"><a id="addProductToBasket_439" onclick="javascript:Tapestry.waitForPage(event);" title="Ajouter au panier" class="bt-produit-ajout-panier" href="http://www.refonte.auchandirect.fr/rayon.productgridorlist.productlist_1.thumbnailproduct_0.addproducttobasket/60027?t:ac=484">Ajouter au panier</a><a id="addProductToShoppingList_620" onclick="javascript:Tapestry.waitForPage(event);" title="Ajouter à ma liste" class="bt-produit-ajout-liste" href="http://www.refonte.auchandirect.fr/rayon.productgridorlist.productlist_1.thumbnailproduct_0.addproducttoshoppinglist/60027?t:ac=484">Ajouter à ma liste</a></div><div class="infos-produit-1"><div class="prix-actuel"><span>2.63€</span></div></div><div class="infos-produit-2"><a title="Voir le produit" href="http://www.refonte.auchandirect.fr/boissons/jus,-softs/jus-de-pamplemousse/id1/476/60027"><h2>TROPICANA</h2><h4>Jus de pamplemousse</h4><h4>Rose</h4><p>
1 l
<br/>
2.63€/l
</p></a></div><div class="mini_picto_bas"></div></div></div></td><td><!-- PL : ici --><div class="bloc-produit  bientot-dispo"><div class="bloc-produit-content"><a title="Voir le produit" href="../../../boissons/jus,-softs/pur-jus-de-pamplemousse-rose/id1/476/4138.html"><img src="http://www.refonte.auchandirect.fr/static/images/products/line/4138.jpg" alt="" class="produit "/></a><div class="picto"><span class="invisible"></span></div><div class="boutons-produit"><a class="bt-produit-ajout-panier disable" title="Bientôt disponible" href="javascript:void(0)">Bientôt disponible</a><a id="addProductToShoppingList_621" onclick="javascript:Tapestry.waitForPage(event);" title="Ajouter à ma liste" class="bt-produit-ajout-liste" href="http://www.refonte.auchandirect.fr/rayon.productgridorlist.productlist_1.thumbnailproduct_0.addproducttoshoppinglist/4138?t:ac=484">Ajouter à ma liste</a></div><div class="infos-produit-1"><div class="prix-actuel"><span>2.79€</span></div></div><div class="infos-produit-2"><a title="Voir le produit" href="../../../boissons/jus,-softs/pur-jus-de-pamplemousse-rose/id1/476/4138.html"><h2>TROPICANA</h2><h4>Pur jus de pamplemousse rose</h4><h4>Pure premium</h4><p>
1 l
<br/>
2.79€/l
</p></a></div><div class="mini_picto_bas"><img alt="frais" src="http://www.refonte.auchandirect.fr/static/images/frais_small.jpg"/><img src="http://www.refonte.auchandirect.fr/static/images/DLC-garantie-6j_small.jpg"/></div></div></div></td><td><!-- PL : ici --><div class="bloc-produit "><div class="bloc-produit-content"><a title="Voir le produit" href="http://www.refonte.auchandirect.fr/boissons/jus,-softs/jus-de-fruits-reveil-fruité/id1/476/42823"><img src="http://www.refonte.auchandirect.fr/static/images/products/line/42823.jpg" alt="" class="produit "/></a><div class="picto"><span class="invisible"></span></div><div class="boutons-produit"><a id="addProductToBasket_440" onclick="javascript:Tapestry.waitForPage(event);" title="Ajouter au panier" class="bt-produit-ajout-panier" href="http://www.refonte.auchandirect.fr/rayon.productgridorlist.productlist_1.thumbnailproduct_0.addproducttobasket/42823?t:ac=484">Ajouter au panier</a><a id="addProductToShoppingList_622" onclick="javascript:Tapestry.waitForPage(event);" title="Ajouter à ma liste" class="bt-produit-ajout-liste" href="http://www.refonte.auchandirect.fr/rayon.productgridorlist.productlist_1.thumbnailproduct_0.addproducttoshoppinglist/42823?t:ac=484">Ajouter à ma liste</a></div><div class="infos-produit-1"><div class="prix-actuel"><span>3.97€</span></div></div><div class="infos-produit-2"><a title="Voir le produit" href="http://www.refonte.auchandirect.fr/boissons/jus,-softs/jus-de-fruits-reveil-fruité/id1/476/42823"><h2>TROPICANA</h2><h4>Jus de fruits reveil fruité</h4><h4></h4><p>
1 l
<br/>
2.65€/l
</p></a></div><div class="mini_picto_bas"></div></div></div></td></tr><tr><td><!-- PL : ici --><div class="bloc-produit "><div class="bloc-produit-content"><a title="Voir le produit" href="http://www.refonte.auchandirect.fr/boissons/jus,-softs/pure-premium-pur-jus-d'ananas-plaisir/id1/476/46308"><img src="http://www.refonte.auchandirect.fr/static/images/products/line/46308.jpg" alt="" class="produit "/></a><div class="picto"><span class="invisible"></span></div><div class="boutons-produit"><a id="addProductToBasket_441" onclick="javascript:Tapestry.waitForPage(event);" title="Ajouter au panier" class="bt-produit-ajout-panier" href="http://www.refonte.auchandirect.fr/rayon.productgridorlist.productlist_1.thumbnailproduct_0.addproducttobasket/46308?t:ac=484">Ajouter au panier</a><a id="addProductToShoppingList_623" onclick="javascript:Tapestry.waitForPage(event);" title="Ajouter à ma liste" class="bt-produit-ajout-liste" href="http://www.refonte.auchandirect.fr/rayon.productgridorlist.productlist_1.thumbnailproduct_0.addproducttoshoppinglist/46308?t:ac=484">Ajouter à ma liste</a></div><div class="infos-produit-1"><div class="prix-actuel"><span>3.07€</span></div></div><div class="infos-produit-2"><a title="Voir le produit" href="http://www.refonte.auchandirect.fr/boissons/jus,-softs/pure-premium-pur-jus-d'ananas-plaisir/id1/476/46308"><h2>TROPICANA</h2><h4>Pure premium pur jus d'ananas plaisir</h4><h4></h4><p>
1 l
<br/>
3.07€/l
</p></a></div><div class="mini_picto_bas"></div></div></div></td><td><!-- PL : ici --><div class="bloc-produit  bientot-dispo"><div class="bloc-produit-content"><a title="Voir le produit" href="http://www.refonte.auchandirect.fr/bio-ecolo/boissons-bio/pur-jus-de-raisin-bio/id1/455/78276"><img src="http://www.refonte.auchandirect.fr/static/images/products/line/78276.jpg" alt="" class="produit "/></a><div class="picto"><span class="invisible"></span></div><div class="boutons-produit"><a class="bt-produit-ajout-panier disable" title="Bientôt disponible" href="javascript:void(0)">Bientôt disponible</a><a id="addProductToShoppingList_624" onclick="javascript:Tapestry.waitForPage(event);" title="Ajouter à ma liste" class="bt-produit-ajout-liste" href="http://www.refonte.auchandirect.fr/rayon.productgridorlist.productlist_1.thumbnailproduct_0.addproducttoshoppinglist/78276?t:ac=484">Ajouter à ma liste</a></div><div class="infos-produit-1"><div class="prix-actuel"><span>2.98€</span></div></div><div class="infos-produit-2"><a title="Voir le produit" href="http://www.refonte.auchandirect.fr/bio-ecolo/boissons-bio/pur-jus-de-raisin-bio/id1/455/78276"><h2>TROPICANA</h2><h4>Pur jus de raisin bio</h4><h4>Récoltes bio</h4><p>
1 l
<br/>
2.98€/l
</p></a></div><div class="mini_picto_bas"><img src="http://www.refonte.auchandirect.fr/static/images/AB_small.jpg"/></div></div></div></td><td><!-- PL : ici --><div class="bloc-produit  bientot-dispo"><div class="bloc-produit-content"><a title="Voir le produit" href="../../../boissons/jus,-softs/jus-de-fruit-orange,-pamplemousse-rose-et-orange-sanguine/id1/476/6725.html"><img src="http://www.refonte.auchandirect.fr/static/images/products/line/6725.jpg" alt="" class="produit "/></a><div class="picto"><span class="invisible"></span></div><div class="boutons-produit"><a class="bt-produit-ajout-panier disable" title="Bientôt disponible" href="javascript:void(0)">Bientôt disponible</a><a id="addProductToShoppingList_625" onclick="javascript:Tapestry.waitForPage(event);" title="Ajouter à ma liste" class="bt-produit-ajout-liste" href="http://www.refonte.auchandirect.fr/rayon.productgridorlist.productlist_1.thumbnailproduct_0.addproducttoshoppinglist/6725?t:ac=484">Ajouter à ma liste</a></div><div class="infos-produit-1"><div class="prix-actuel"><span>2.79€</span></div></div><div class="infos-produit-2"><a title="Voir le produit" href="../../../boissons/jus,-softs/jus-de-fruit-orange,-pamplemousse-rose-et-orange-sanguine/id1/476/6725.html"><h2>TROPICANA</h2><h4>Jus de fruit orange, pamplemousse rose et orange sanguine</h4><h4>Pure Premium Ruby breakfast</h4><p>
1 l
<br/>
2.79€/l
</p></a></div><div class="mini_picto_bas"><img alt="frais" src="http://www.refonte.auchandirect.fr/static/images/frais_small.jpg"/><img src="http://www.refonte.auchandirect.fr/static/images/DLC-garantie-6j_small.jpg"/></div></div></div></td></tr><tr><td><!-- PL : ici --><div class="bloc-produit  bientot-dispo"><div class="bloc-produit-content"><a title="Voir le produit" href="../../../boissons/jus,-softs/pur-jus-d'orange-avec-pulpe/id1/476/60821.html"><img src="http://www.refonte.auchandirect.fr/static/images/products/line/60821.jpg" alt="" class="produit "/></a><div class="picto"><span class="invisible"></span></div><div class="boutons-produit"><a class="bt-produit-ajout-panier disable" title="Bientôt disponible" href="javascript:void(0)">Bientôt disponible</a><a id="addProductToShoppingList_626" onclick="javascript:Tapestry.waitForPage(event);" title="Ajouter à ma liste" class="bt-produit-ajout-liste" href="http://www.refonte.auchandirect.fr/rayon.productgridorlist.productlist_1.thumbnailproduct_0.addproducttoshoppinglist/60821?t:ac=484">Ajouter à ma liste</a></div><div class="infos-produit-1"><div class="prix-actuel"><span>2.40€</span></div></div><div class="infos-produit-2"><a title="Voir le produit" href="../../../boissons/jus,-softs/pur-jus-d'orange-avec-pulpe/id1/476/60821.html"><h2>TROPICANA</h2><h4>Pur jus d'orange avec pulpe</h4><h4>Pure premium</h4><p>
85 cl
<br/>
2.82€/l
</p></a></div><div class="mini_picto_bas"><img alt="frais" src="http://www.refonte.auchandirect.fr/static/images/frais_small.jpg"/><img src="http://www.refonte.auchandirect.fr/static/images/DLC-garantie-6j_small.jpg"/></div></div></div></td><td><!-- PL : ici --><div class="bloc-produit  bientot-dispo"><div class="bloc-produit-content"><a title="Voir le produit" href="../../../boissons/jus,-softs/multivitamin%25C3%25A9-jus-de-12-fruits-press%25C3%25A9s/id1/476/4139.html"><img src="http://www.refonte.auchandirect.fr/static/images/products/line/4139.jpg" alt="" class="produit "/></a><div class="picto"><span class="invisible"></span></div><div class="boutons-produit"><a class="bt-produit-ajout-panier disable" title="Bientôt disponible" href="javascript:void(0)">Bientôt disponible</a><a id="addProductToShoppingList_627" onclick="javascript:Tapestry.waitForPage(event);" title="Ajouter à ma liste" class="bt-produit-ajout-liste" href="http://www.refonte.auchandirect.fr/rayon.productgridorlist.productlist_1.thumbnailproduct_0.addproducttoshoppinglist/4139?t:ac=484">Ajouter à ma liste</a></div><div class="infos-produit-1"><div class="prix-actuel"><span>2.79€</span></div></div><div class="infos-produit-2"><a title="Voir le produit" href="../../../boissons/jus,-softs/multivitamin%25C3%25A9-jus-de-12-fruits-press%25C3%25A9s/id1/476/4139.html"><h2>TROPICANA</h2><h4>Multivitaminé jus de 12 fruits pressés</h4><h4>Essentiels</h4><p>
1 l
<br/>
2.79€/l
</p></a></div><div class="mini_picto_bas"><img alt="frais" src="http://www.refonte.auchandirect.fr/static/images/frais_small.jpg"/><img src="http://www.refonte.auchandirect.fr/static/images/DLC-garantie-6j_small.jpg"/></div></div></div></td><td><!-- PL : ici --><div class="bloc-produit  bientot-dispo"><div class="bloc-produit-content"><a title="Voir le produit" href="../../../boissons/jus,-softs/pur-jus-d'orange---de-citron---d'orange-sanguine/id1/476/22454.html"><img src="http://www.refonte.auchandirect.fr/static/images/products/line/22454.jpg" alt="" class="produit "/></a><div class="picto"><span class="invisible"></span></div><div class="boutons-produit"><a class="bt-produit-ajout-panier disable" title="Bientôt disponible" href="javascript:void(0)">Bientôt disponible</a><a id="addProductToShoppingList_628" onclick="javascript:Tapestry.waitForPage(event);" title="Ajouter à ma liste" class="bt-produit-ajout-liste" href="http://www.refonte.auchandirect.fr/rayon.productgridorlist.productlist_1.thumbnailproduct_0.addproducttoshoppinglist/22454?t:ac=484">Ajouter à ma liste</a></div><div class="infos-produit-1"><div class="prix-actuel"><span>3.07€</span></div></div><div class="infos-produit-2"><a title="Voir le produit" href="../../../boissons/jus,-softs/pur-jus-d'orange---de-citron---d'orange-sanguine/id1/476/22454.html"><h2>TROPICANA</h2><h4>Pur jus d'orange - de citron - d'orange sanguine</h4><h4>Pure premium tonic breakfast</h4><p>
1l
<br/>
3.07€/l
</p></a></div><div class="mini_picto_bas"><img alt="frais" src="http://www.refonte.auchandirect.fr/static/images/frais_small.jpg"/><img src="http://www.refonte.auchandirect.fr/static/images/DLC-garantie-6j_small.jpg"/></div></div></div></td></tr><tr><td><!-- PL : ici --><div class="bloc-produit  bientot-dispo"><div class="bloc-produit-content"><a title="Voir le produit" href="../../../boissons/jus,-softs/jus-de-raisin---framboise---m%25C3%25BBre---cerise---groseille/id1/476/29101.html"><img src="http://www.refonte.auchandirect.fr/static/images/products/line/29101.jpg" alt="" class="produit "/></a><div class="picto"><span class="invisible"></span></div><div class="boutons-produit"><a class="bt-produit-ajout-panier disable" title="Bientôt disponible" href="javascript:void(0)">Bientôt disponible</a><a id="addProductToShoppingList_629" onclick="javascript:Tapestry.waitForPage(event);" title="Ajouter à ma liste" class="bt-produit-ajout-liste" href="http://www.refonte.auchandirect.fr/rayon.productgridorlist.productlist_1.thumbnailproduct_0.addproducttoshoppinglist/29101?t:ac=484">Ajouter à ma liste</a></div><div class="infos-produit-1"><div class="prix-actuel"><span>3.09€</span></div></div><div class="infos-produit-2"><a title="Voir le produit" href="../../../boissons/jus,-softs/jus-de-raisin---framboise---m%25C3%25BBre---cerise---groseille/id1/476/29101.html"><h2>TROPICANA</h2><h4>Jus de raisin - framboise - mûre - cerise - groseille</h4><h4>Pure Premium</h4><p>
1 l
<br/>
3.09€/l
</p></a></div><div class="mini_picto_bas"><img alt="frais" src="http://www.refonte.auchandirect.fr/static/images/frais_small.jpg"/><img src="http://www.refonte.auchandirect.fr/static/images/DLC-garantie-6j_small.jpg"/></div></div></div></td><td><!-- PL : ici --><div class="bloc-produit  bientot-dispo"><div class="bloc-produit-content"><a title="Voir le produit" href="../../../boissons/jus,-softs/r%25C3%25A9veil-fruit%25C3%25A9-jus-d'orange-mandarine-et-raisin-blanc/id1/476/6724.html"><img src="http://www.refonte.auchandirect.fr/static/images/products/line/6724.jpg" alt="" class="produit "/></a><div class="picto"><span class="invisible"></span></div><div class="boutons-produit"><a class="bt-produit-ajout-panier disable" title="Bientôt disponible" href="javascript:void(0)">Bientôt disponible</a><a id="addProductToShoppingList_630" onclick="javascript:Tapestry.waitForPage(event);" title="Ajouter à ma liste" class="bt-produit-ajout-liste" href="http://www.refonte.auchandirect.fr/rayon.productgridorlist.productlist_1.thumbnailproduct_0.addproducttoshoppinglist/6724?t:ac=484">Ajouter à ma liste</a></div><div class="infos-produit-1"><div class="prix-actuel"><span>2.79€</span></div></div><div class="infos-produit-2"><a title="Voir le produit" href="../../../boissons/jus,-softs/r%25C3%25A9veil-fruit%25C3%25A9-jus-d'orange-mandarine-et-raisin-blanc/id1/476/6724.html"><h2>TROPICANA</h2><h4>Réveil fruité jus d'orange mandarine et raisin blanc</h4><h4>Pure premium</h4><p>
1 l
<br/>
2.79€/l
</p></a></div><div class="mini_picto_bas"><img alt="frais" src="http://www.refonte.auchandirect.fr/static/images/frais_small.jpg"/><img src="http://www.refonte.auchandirect.fr/static/images/DLC-garantie-6j_small.jpg"/></div></div></div></td><td><!-- PL : ici --><div class="bloc-produit  bientot-dispo"><div class="bloc-produit-content"><a title="Voir le produit" href="../../../boissons/jus,-softs/sanguinello-jus-d'orange-sanguine-avec-pulpe/id1/476/4136.html"><img src="http://www.refonte.auchandirect.fr/static/images/products/line/4136.jpg" alt="" class="produit "/></a><div class="picto"><span class="invisible"></span></div><div class="boutons-produit"><a class="bt-produit-ajout-panier disable" title="Bientôt disponible" href="javascript:void(0)">Bientôt disponible</a><a id="addProductToShoppingList_631" onclick="javascript:Tapestry.waitForPage(event);" title="Ajouter à ma liste" class="bt-produit-ajout-liste" href="http://www.refonte.auchandirect.fr/rayon.productgridorlist.productlist_1.thumbnailproduct_0.addproducttoshoppinglist/4136?t:ac=484">Ajouter à ma liste</a></div><div class="infos-produit-1"><div class="prix-actuel"><span>2.99€</span></div></div><div class="infos-produit-2"><a title="Voir le produit" href="../../../boissons/jus,-softs/sanguinello-jus-d'orange-sanguine-avec-pulpe/id1/476/4136.html"><h2>TROPICANA</h2><h4>Sanguinello jus d'orange sanguine avec pulpe</h4><h4>Pure premium</h4><p>
1 l
<br/>
2.99€/l
</p></a></div><div class="mini_picto_bas"><img alt="frais" src="http://www.refonte.auchandirect.fr/static/images/frais_small.jpg"/><img src="http://www.refonte.auchandirect.fr/static/images/DLC-garantie-6j_small.jpg"/></div></div></div></td></tr><tr><td><!-- PL : ici --><div class="bloc-produit  bientot-dispo"><div class="bloc-produit-content"><a title="Voir le produit" href="../../../boissons/jus,-softs/pur-jus-d'orange-press%25C3%25A9-avec-pulpe/id1/476/5309.html"><img src="http://www.refonte.auchandirect.fr/static/images/products/line/5309.jpg" alt="" class="produit "/></a><div class="picto"><span class="invisible"></span></div><div class="boutons-produit"><a class="bt-produit-ajout-panier disable" title="Bientôt disponible" href="javascript:void(0)">Bientôt disponible</a><a id="addProductToShoppingList_632" onclick="javascript:Tapestry.waitForPage(event);" title="Ajouter à ma liste" class="bt-produit-ajout-liste" href="http://www.refonte.auchandirect.fr/rayon.productgridorlist.productlist_1.thumbnailproduct_0.addproducttoshoppinglist/5309?t:ac=484">Ajouter à ma liste</a></div><div class="infos-produit-1"><div class="prix-actuel"><span>2.59€</span></div></div><div class="infos-produit-2"><a title="Voir le produit" href="../../../boissons/jus,-softs/pur-jus-d'orange-press%25C3%25A9-avec-pulpe/id1/476/5309.html"><h2>TROPICANA</h2><h4>Pur jus d'orange pressé avec pulpe</h4><h4>Pure premium</h4><p>
1 l
<br/>
2.59€/l
</p></a></div><div class="mini_picto_bas"><img alt="frais" src="http://www.refonte.auchandirect.fr/static/images/frais_small.jpg"/><img src="http://www.refonte.auchandirect.fr/static/images/DLC-garantie-6j_small.jpg"/></div></div></div></td><td><!-- PL : ici --><div class="bloc-produit  bientot-dispo"><div class="bloc-produit-content"><a title="Voir le produit" href="../../../boissons/jus,-softs/pur-jus-d'orange-avec-pulpe/id1/476/33698.html"><img src="http://www.refonte.auchandirect.fr/static/images/products/line/33698.jpg" alt="" class="produit "/></a><div class="picto"><span class="invisible"></span></div><div class="boutons-produit"><a class="bt-produit-ajout-panier disable" title="Bientôt disponible" href="javascript:void(0)">Bientôt disponible</a><a id="addProductToShoppingList_633" onclick="javascript:Tapestry.waitForPage(event);" title="Ajouter à ma liste" class="bt-produit-ajout-liste" href="http://www.refonte.auchandirect.fr/rayon.productgridorlist.productlist_1.thumbnailproduct_0.addproducttoshoppinglist/33698?t:ac=484">Ajouter à ma liste</a></div><div class="infos-produit-1"><div class="prix-actuel"><span>4.25€</span></div></div><div class="infos-produit-2"><a title="Voir le produit" href="../../../boissons/jus,-softs/pur-jus-d'orange-avec-pulpe/id1/476/33698.html"><h2>TROPICANA</h2><h4>Pur jus d'orange avec pulpe</h4><h4>Pure premium</h4><p>
1,75 l
<br/>
2.43€/l
</p></a></div><div class="mini_picto_bas"><img alt="frais" src="http://www.refonte.auchandirect.fr/static/images/frais_small.jpg"/><img src="http://www.refonte.auchandirect.fr/static/images/DLC-garantie-6j_small.jpg"/></div></div></div></td><td><!-- PL : ici --><div class="bloc-produit  bientot-dispo"><div class="bloc-produit-content"><a title="Voir le produit" href="../../../boissons/jus,-softs/pur-jus-d'orange-sans-pulpe/id1/476/33700.html"><img src="http://www.refonte.auchandirect.fr/static/images/products/line/33700.jpg" alt="" class="produit "/></a><div class="picto"><span class="invisible"></span></div><div class="boutons-produit"><a class="bt-produit-ajout-panier disable" title="Bientôt disponible" href="javascript:void(0)">Bientôt disponible</a><a id="addProductToShoppingList_634" onclick="javascript:Tapestry.waitForPage(event);" title="Ajouter à ma liste" class="bt-produit-ajout-liste" href="http://www.refonte.auchandirect.fr/rayon.productgridorlist.productlist_1.thumbnailproduct_0.addproducttoshoppinglist/33700?t:ac=484">Ajouter à ma liste</a></div><div class="infos-produit-1"><div class="prix-actuel"><span>2.69€</span></div></div><div class="infos-produit-2"><a title="Voir le produit" href="../../../boissons/jus,-softs/pur-jus-d'orange-sans-pulpe/id1/476/33700.html"><h2>TROPICANA</h2><h4>Pur jus d'orange sans pulpe</h4><h4>Pure premium</h4><p>
1 l
<br/>
2.69€/l
</p></a></div><div class="mini_picto_bas"><img alt="frais" src="http://www.refonte.auchandirect.fr/static/images/frais_small.jpg"/><img src="http://www.refonte.auchandirect.fr/static/images/DLC-garantie-6j_small.jpg"/></div></div></div></td></tr><tr><td><!-- PL : ici --><div class="bloc-produit  bientot-dispo"><div class="bloc-produit-content"><a title="Voir le produit" href="../../../boissons/jus,-softs/jus-de-cassis-et-orange-sanguine/id1/476/61345.html"><img src="http://www.refonte.auchandirect.fr/static/images/products/line/61345.jpg" alt="" class="produit "/></a><div class="picto"><span class="invisible"></span></div><div class="boutons-produit"><a class="bt-produit-ajout-panier disable" title="Bientôt disponible" href="javascript:void(0)">Bientôt disponible</a><a id="addProductToShoppingList_635" onclick="javascript:Tapestry.waitForPage(event);" title="Ajouter à ma liste" class="bt-produit-ajout-liste" href="http://www.refonte.auchandirect.fr/rayon.productgridorlist.productlist_1.thumbnailproduct_0.addproducttoshoppinglist/61345?t:ac=484">Ajouter à ma liste</a></div><div class="infos-produit-1"><div class="prix-actuel"><span>2.95€</span></div></div><div class="infos-produit-2"><a title="Voir le produit" href="../../../boissons/jus,-softs/jus-de-cassis-et-orange-sanguine/id1/476/61345.html"><h2>TROPICANA</h2><h4>Jus de cassis et orange sanguine</h4><h4>Parfums de saison</h4><p>
1 l
<br/>
2.95€/l
</p></a></div><div class="mini_picto_bas"><img alt="frais" src="http://www.refonte.auchandirect.fr/static/images/frais_small.jpg"/><img src="http://www.refonte.auchandirect.fr/static/images/DLC-garantie-6j_small.jpg"/></div></div></div></td><td><!-- PL : ici --><div class="bloc-produit  bientot-dispo"><div class="bloc-produit-content"><a title="Voir le produit" href="http://www.refonte.auchandirect.fr/boissons/jus,-softs/pur-jus-ruby-breakfast/id1/476/61369"><img src="http://www.refonte.auchandirect.fr/static/images/products/line/61369.jpg" alt="" class="produit "/></a><div class="picto"><span class="invisible"></span></div><div class="boutons-produit"><a class="bt-produit-ajout-panier disable" title="Bientôt disponible" href="javascript:void(0)">Bientôt disponible</a><a id="addProductToShoppingList_636" onclick="javascript:Tapestry.waitForPage(event);" title="Ajouter à ma liste" class="bt-produit-ajout-liste" href="http://www.refonte.auchandirect.fr/rayon.productgridorlist.productlist_1.thumbnailproduct_0.addproducttoshoppinglist/61369?t:ac=484">Ajouter à ma liste</a></div><div class="infos-produit-1"><div class="prix-actuel"><span>2.73€</span></div></div><div class="infos-produit-2"><a title="Voir le produit" href="http://www.refonte.auchandirect.fr/boissons/jus,-softs/pur-jus-ruby-breakfast/id1/476/61369"><h2>TROPICANA</h2><h4>Pur jus Ruby Breakfast</h4><h4>Orange sanguine, pamplemousse</h4><p>
1 l
<br/>
2.73€/l
</p></a></div><div class="mini_picto_bas"></div></div></div></td><td><!-- PL : ici --><div class="bloc-produit "><div class="bloc-produit-content"><a title="Voir le produit" href="http://www.refonte.auchandirect.fr/boissons/jus,-softs/pure-premium-multivitaminé/id1/476/57992"><img src="http://www.refonte.auchandirect.fr/static/images/products/line/57992.jpg" alt="" class="produit "/></a><div class="picto"><span class="invisible"></span></div><div class="boutons-produit"><a id="addProductToBasket_442" onclick="javascript:Tapestry.waitForPage(event);" title="Ajouter au panier" class="bt-produit-ajout-panier" href="http://www.refonte.auchandirect.fr/rayon.productgridorlist.productlist_1.thumbnailproduct_0.addproducttobasket/57992?t:ac=484">Ajouter au panier</a><a id="addProductToShoppingList_637" onclick="javascript:Tapestry.waitForPage(event);" title="Ajouter à ma liste" class="bt-produit-ajout-liste" href="http://www.refonte.auchandirect.fr/rayon.productgridorlist.productlist_1.thumbnailproduct_0.addproducttoshoppinglist/57992?t:ac=484">Ajouter à ma liste</a></div><div class="infos-produit-1"><div class="prix-actuel"><span>2.70€</span></div></div><div class="infos-produit-2"><a title="Voir le produit" href="http://www.refonte.auchandirect.fr/boissons/jus,-softs/pure-premium-multivitaminé/id1/476/57992"><h2>TROPICANA</h2><h4>Pure premium multivitaminé</h4><h4>Pur jus de 12 fruits</h4><p>
1 l
<br/>
2.70€/l
</p></a></div><div class="mini_picto_bas"></div></div></div></td></tr><tr><td><!-- PL : ici --><div class="bloc-produit "><div class="bloc-produit-content"><a title="Voir le produit" href="http://www.refonte.auchandirect.fr/boissons/jus,-softs/essentiels-pur-jus-multivitaminé/id1/476/23680"><img src="http://www.refonte.auchandirect.fr/static/images/products/line/23680.jpg" alt="" class="produit "/></a><div class="picto"><span class="invisible"></span></div><div class="boutons-produit"><a id="addProductToBasket_443" onclick="javascript:Tapestry.waitForPage(event);" title="Ajouter au panier" class="bt-produit-ajout-panier" href="http://www.refonte.auchandirect.fr/rayon.productgridorlist.productlist_1.thumbnailproduct_0.addproducttobasket/23680?t:ac=484">Ajouter au panier</a><a id="addProductToShoppingList_638" onclick="javascript:Tapestry.waitForPage(event);" title="Ajouter à ma liste" class="bt-produit-ajout-liste" href="http://www.refonte.auchandirect.fr/rayon.productgridorlist.productlist_1.thumbnailproduct_0.addproducttoshoppinglist/23680?t:ac=484">Ajouter à ma liste</a></div><div class="infos-produit-1"><div class="prix-actuel"><span>3.95€</span></div></div><div class="infos-produit-2"><a title="Voir le produit" href="http://www.refonte.auchandirect.fr/boissons/jus,-softs/essentiels-pur-jus-multivitaminé/id1/476/23680"><h2>TROPICANA</h2><h4>Essentiels pur jus multivitaminé</h4><h4></h4><p>
1,5 l
<br/>
2.63€/l
</p></a></div><div class="mini_picto_bas"></div></div></div></td><td><!-- PL : ici --><div class="bloc-produit "><div class="bloc-produit-content"><a title="Voir le produit" href="http://www.refonte.auchandirect.fr/boissons/jus,-softs/pure-premium-100-pur-jus-d'orange-sans-pulpe/id1/476/100873"><img src="http://www.refonte.auchandirect.fr/static/images/products/line/100873.jpg" alt="" class="produit "/></a><div class="picto"><span class="invisible"></span></div><div class="boutons-produit"><a id="addProductToBasket_444" onclick="javascript:Tapestry.waitForPage(event);" title="Ajouter au panier" class="bt-produit-ajout-panier" href="http://www.refonte.auchandirect.fr/rayon.productgridorlist.productlist_1.thumbnailproduct_0.addproducttobasket/100873?t:ac=484">Ajouter au panier</a><a id="addProductToShoppingList_639" onclick="javascript:Tapestry.waitForPage(event);" title="Ajouter à ma liste" class="bt-produit-ajout-liste" href="http://www.refonte.auchandirect.fr/rayon.productgridorlist.productlist_1.thumbnailproduct_0.addproducttoshoppinglist/100873?t:ac=484">Ajouter à ma liste</a></div><div class="infos-produit-1"><div class="prix-actuel"><span>2.40€</span></div></div><div class="infos-produit-2"><a title="Voir le produit" href="http://www.refonte.auchandirect.fr/boissons/jus,-softs/pure-premium-100-pur-jus-d'orange-sans-pulpe/id1/476/100873"><h2>TROPICANA</h2><h4>Pure premium 100 % pur jus d'orange sans pulpe</h4><h4></h4><p>
1 l
<br/>
2.40€/l
</p></a></div><div class="mini_picto_bas"></div></div></div></td><td><!-- PL : ici --><div class="bloc-produit "><div class="bloc-produit-content"><a title="Voir le produit" href="http://www.refonte.auchandirect.fr/boissons/jus,-softs/pure-premium-jus-d'orange-avec-pulpe/id1/476/48339"><img src="http://www.refonte.auchandirect.fr/static/images/products/line/48339.jpg" alt="" class="produit "/></a><div class="picto"><span class="invisible"></span></div><div class="boutons-produit"><a id="addProductToBasket_445" onclick="javascript:Tapestry.waitForPage(event);" title="Ajouter au panier" class="bt-produit-ajout-panier" href="http://www.refonte.auchandirect.fr/rayon.productgridorlist.productlist_1.thumbnailproduct_0.addproducttobasket/48339?t:ac=484">Ajouter au panier</a><a id="addProductToShoppingList_640" onclick="javascript:Tapestry.waitForPage(event);" title="Ajouter à ma liste" class="bt-produit-ajout-liste" href="http://www.refonte.auchandirect.fr/rayon.productgridorlist.productlist_1.thumbnailproduct_0.addproducttoshoppinglist/48339?t:ac=484">Ajouter à ma liste</a></div><div class="infos-produit-1"><div class="prix-actuel"><span>4.08€</span></div></div><div class="infos-produit-2"><a title="Voir le produit" href="http://www.refonte.auchandirect.fr/boissons/jus,-softs/pure-premium-jus-d'orange-avec-pulpe/id1/476/48339"><h2>TROPICANA</h2><h4>Pure premium jus d'orange avec pulpe</h4><h4></h4><p>
2 x 1 l
<br/>
2.04€/l
</p></a></div><div class="mini_picto_bas"></div></div></div></td></tr><tr><td><!-- PL : ici --><div class="bloc-produit "><div class="bloc-produit-content"><a title="Voir le produit" href="http://www.refonte.auchandirect.fr/boissons/jus,-softs/pure-premium,-jus-d'orange-sans-pulpe/id1/476/18087"><img src="http://www.refonte.auchandirect.fr/static/images/products/line/18087.jpg" alt="" class="produit "/></a><div class="picto"><span class="invisible"></span></div><div class="boutons-produit"><a id="addProductToBasket_446" onclick="javascript:Tapestry.waitForPage(event);" title="Ajouter au panier" class="bt-produit-ajout-panier" href="http://www.refonte.auchandirect.fr/rayon.productgridorlist.productlist_1.thumbnailproduct_0.addproducttobasket/18087?t:ac=484">Ajouter au panier</a><a id="addProductToShoppingList_641" onclick="javascript:Tapestry.waitForPage(event);" title="Ajouter à ma liste" class="bt-produit-ajout-liste" href="http://www.refonte.auchandirect.fr/rayon.productgridorlist.productlist_1.thumbnailproduct_0.addproducttoshoppinglist/18087?t:ac=484">Ajouter à ma liste</a></div><div class="infos-produit-1"><div class="prix-actuel"><span>3.42€</span></div></div><div class="infos-produit-2"><a title="Voir le produit" href="http://www.refonte.auchandirect.fr/boissons/jus,-softs/pure-premium,-jus-d'orange-sans-pulpe/id1/476/18087"><h2>TROPICANA</h2><h4>Pure Premium, jus d'orange sans pulpe</h4><h4></h4><p>
1,5 l
<br/>
2.28€/l
</p></a></div><div class="mini_picto_bas"></div></div></div></td><td><!-- PL : ici --><div class="bloc-produit "><div class="bloc-produit-content"><a title="Voir le produit" href="http://www.refonte.auchandirect.fr/boissons/jus,-softs/pur-jus-d'orange-sans-pulpe/id1/476/58897"><img src="http://www.refonte.auchandirect.fr/static/images/products/line/58897.jpg" alt="" class="produit "/></a><div class="picto"><span class="invisible"></span></div><div class="boutons-produit"><a id="addProductToBasket_447" onclick="javascript:Tapestry.waitForPage(event);" title="Ajouter au panier" class="bt-produit-ajout-panier" href="http://www.refonte.auchandirect.fr/rayon.productgridorlist.productlist_1.thumbnailproduct_0.addproducttobasket/58897?t:ac=484">Ajouter au panier</a><a id="addProductToShoppingList_642" onclick="javascript:Tapestry.waitForPage(event);" title="Ajouter à ma liste" class="bt-produit-ajout-liste" href="http://www.refonte.auchandirect.fr/rayon.productgridorlist.productlist_1.thumbnailproduct_0.addproducttoshoppinglist/58897?t:ac=484">Ajouter à ma liste</a></div><div class="infos-produit-1"><div class="prix-actuel"><span>2.50€</span></div></div><div class="infos-produit-2"><a title="Voir le produit" href="http://www.refonte.auchandirect.fr/boissons/jus,-softs/pur-jus-d'orange-sans-pulpe/id1/476/58897"><h2>TROPICANA</h2><h4>Pur jus d'orange sans pulpe</h4><h4></h4><p>
1 l
<br/>
2.50€/l
</p></a></div><div class="mini_picto_bas"></div></div></div></td><td><!-- PL : ici --><div class="bloc-produit "><div class="bloc-produit-content"><a title="Voir le produit" href="http://www.refonte.auchandirect.fr/boissons/jus,-softs/pur-jus-d'orange-sans-pulpe/id1/476/28720"><img src="http://www.refonte.auchandirect.fr/static/images/products/line/28720.jpg" alt="" class="produit "/></a><div class="picto"><span class="invisible"></span></div><div class="boutons-produit"><a id="addProductToBasket_448" onclick="javascript:Tapestry.waitForPage(event);" title="Ajouter au panier" class="bt-produit-ajout-panier" href="http://www.refonte.auchandirect.fr/rayon.productgridorlist.productlist_1.thumbnailproduct_0.addproducttobasket/28720?t:ac=484">Ajouter au panier</a><a id="addProductToShoppingList_643" onclick="javascript:Tapestry.waitForPage(event);" title="Ajouter à ma liste" class="bt-produit-ajout-liste" href="http://www.refonte.auchandirect.fr/rayon.productgridorlist.productlist_1.thumbnailproduct_0.addproducttoshoppinglist/28720?t:ac=484">Ajouter à ma liste</a></div><div class="infos-produit-1"><div class="prix-actuel"><span>5.95€</span></div></div><div class="infos-produit-2"><a title="Voir le produit" href="http://www.refonte.auchandirect.fr/boissons/jus,-softs/pur-jus-d'orange-sans-pulpe/id1/476/28720"><h2>TROPICANA</h2><h4>Pur jus d'orange sans pulpe</h4><h4>OFFRE SPECIALE</h4><p>
2 x 1,5 l
<br/>
1.98€/l
</p></a></div><div class="mini_picto_bas"></div></div></div></td></tr><tr><td><!-- PL : ici --><div class="bloc-produit "><div class="bloc-produit-content"><a title="Voir le produit" href="http://www.refonte.auchandirect.fr/bio-ecolo/boissons-bio/pur-jus-d'oranges-bio-sans-sucres-ajoutés/id1/455/61371"><img src="http://www.refonte.auchandirect.fr/static/images/products/line/61371.jpg" alt="" class="produit "/></a><div class="picto"><span class="invisible"></span></div><div class="boutons-produit"><a id="addProductToBasket_449" onclick="javascript:Tapestry.waitForPage(event);" title="Ajouter au panier" class="bt-produit-ajout-panier" href="http://www.refonte.auchandirect.fr/rayon.productgridorlist.productlist_1.thumbnailproduct_0.addproducttobasket/61371?t:ac=484">Ajouter au panier</a><a id="addProductToShoppingList_644" onclick="javascript:Tapestry.waitForPage(event);" title="Ajouter à ma liste" class="bt-produit-ajout-liste" href="http://www.refonte.auchandirect.fr/rayon.productgridorlist.productlist_1.thumbnailproduct_0.addproducttoshoppinglist/61371?t:ac=484">Ajouter à ma liste</a></div><div class="infos-produit-1"><div class="prix-actuel"><span>3.88€</span></div></div><div class="infos-produit-2"><a title="Voir le produit" href="http://www.refonte.auchandirect.fr/bio-ecolo/boissons-bio/pur-jus-d'oranges-bio-sans-sucres-ajoutés/id1/455/61371"><h2>TROPICANA</h2><h4>Pur jus d'oranges bio sans sucres ajoutés</h4><h4>Récoltes bio</h4><p>
1 l
<br/>
3.88€/l
</p></a></div><div class="mini_picto_bas"><img src="http://www.refonte.auchandirect.fr/static/images/AB_small.jpg"/></div></div></div></td><td><!-- PL : ici --><div class="bloc-produit "><div class="bloc-produit-content"><a title="Voir le produit" href="http://www.refonte.auchandirect.fr/boissons/jus,-softs/pure-premium-jus-d'orange-sans-pulpe/id1/476/59658"><img src="http://www.refonte.auchandirect.fr/static/images/products/line/59658.jpg" alt="" class="produit "/></a><div class="picto"><span class="invisible"></span></div><div class="boutons-produit"><a id="addProductToBasket_450" onclick="javascript:Tapestry.waitForPage(event);" title="Ajouter au panier" class="bt-produit-ajout-panier" href="http://www.refonte.auchandirect.fr/rayon.productgridorlist.productlist_1.thumbnailproduct_0.addproducttobasket/59658?t:ac=484">Ajouter au panier</a><a id="addProductToShoppingList_645" onclick="javascript:Tapestry.waitForPage(event);" title="Ajouter à ma liste" class="bt-produit-ajout-liste" href="http://www.refonte.auchandirect.fr/rayon.productgridorlist.productlist_1.thumbnailproduct_0.addproducttoshoppinglist/59658?t:ac=484">Ajouter à ma liste</a></div><div class="infos-produit-1"><div class="prix-actuel"><span>4.42€</span></div></div><div class="infos-produit-2"><a title="Voir le produit" href="http://www.refonte.auchandirect.fr/boissons/jus,-softs/pure-premium-jus-d'orange-sans-pulpe/id1/476/59658"><h2>TROPICANA</h2><h4>Pure Premium jus d'orange sans pulpe</h4><h4></h4><p>
2 x 1l
<br/>
2.21€/l
</p></a></div><div class="mini_picto_bas"></div></div></div></td><td><!-- PL : ici --><div class="bloc-produit "><div class="bloc-produit-content"><a title="Voir le produit" href="http://www.refonte.auchandirect.fr/boissons/jus,-softs/pure-premium-jus-de-pomme-douce/id1/476/46186"><img src="http://www.refonte.auchandirect.fr/static/images/products/line/46186.jpg" alt="" class="produit "/></a><div class="picto"><span class="invisible"></span></div><div class="boutons-produit"><a id="addProductToBasket_451" onclick="javascript:Tapestry.waitForPage(event);" title="Ajouter au panier" class="bt-produit-ajout-panier" href="http://www.refonte.auchandirect.fr/rayon.productgridorlist.productlist_1.thumbnailproduct_0.addproducttobasket/46186?t:ac=484">Ajouter au panier</a><a id="addProductToShoppingList_646" onclick="javascript:Tapestry.waitForPage(event);" title="Ajouter à ma liste" class="bt-produit-ajout-liste" href="http://www.refonte.auchandirect.fr/rayon.productgridorlist.productlist_1.thumbnailproduct_0.addproducttoshoppinglist/46186?t:ac=484">Ajouter à ma liste</a></div><div class="infos-produit-1"><div class="prix-actuel"><span>2.39€</span></div></div><div class="infos-produit-2"><a title="Voir le produit" href="http://www.refonte.auchandirect.fr/boissons/jus,-softs/pure-premium-jus-de-pomme-douce/id1/476/46186"><h2>TROPICANA</h2><h4>Pure premium jus de pomme douce</h4><h4></h4><p>
1 l
<br/>
2.39€/l
</p></a></div><div class="mini_picto_bas"></div></div></div></td></tr><tr><td><!-- PL : ici --><div class="bloc-produit "><div class="bloc-produit-content"><a title="Voir le produit" href="http://www.refonte.auchandirect.fr/bio-ecolo/boissons-bio/pur-jus-de-pommes-bio-sans-sucres-ajoutés/id1/455/61370"><img src="http://www.refonte.auchandirect.fr/static/images/products/line/61370.jpg" alt="" class="produit "/></a><div class="picto"><span class="invisible"></span></div><div class="boutons-produit"><a id="addProductToBasket_452" onclick="javascript:Tapestry.waitForPage(event);" title="Ajouter au panier" class="bt-produit-ajout-panier" href="http://www.refonte.auchandirect.fr/rayon.productgridorlist.productlist_1.thumbnailproduct_0.addproducttobasket/61370?t:ac=484">Ajouter au panier</a><a id="addProductToShoppingList_647" onclick="javascript:Tapestry.waitForPage(event);" title="Ajouter à ma liste" class="bt-produit-ajout-liste" href="http://www.refonte.auchandirect.fr/rayon.productgridorlist.productlist_1.thumbnailproduct_0.addproducttoshoppinglist/61370?t:ac=484">Ajouter à ma liste</a></div><div class="infos-produit-1"><div class="prix-actuel"><span>2.57€</span></div></div><div class="infos-produit-2"><a title="Voir le produit" href="http://www.refonte.auchandirect.fr/bio-ecolo/boissons-bio/pur-jus-de-pommes-bio-sans-sucres-ajoutés/id1/455/61370"><h2>TROPICANA</h2><h4>Pur jus de pommes bio sans sucres ajoutés</h4><h4>Récoltes bio</h4><p>
1 l
<br/>
2.57€/l
</p></a></div><div class="mini_picto_bas"><img src="http://www.refonte.auchandirect.fr/static/images/AB_small.jpg"/></div></div></div></td><td><!-- PL : ici --><div class="bloc-produit "><div class="bloc-produit-content"><a title="Voir le produit" href="http://www.refonte.auchandirect.fr/petit-déjeuner-epicerie-sucrée/petit-déjeuner/thé-noir-de-ceylan/id1/484/100489"><img src="http://www.refonte.auchandirect.fr/static/images/products/line/100489.jpg" alt="" class="produit "/></a><div class="picto"><span class="invisible"></span></div><div class="boutons-produit"><a id="addProductToBasket_453" onclick="javascript:Tapestry.waitForPage(event);" title="Ajouter au panier" class="bt-produit-ajout-panier" href="http://www.refonte.auchandirect.fr/rayon.productgridorlist.productlist_1.thumbnailproduct_0.addproducttobasket/100489?t:ac=484">Ajouter au panier</a><a id="addProductToShoppingList_648" onclick="javascript:Tapestry.waitForPage(event);" title="Ajouter à ma liste" class="bt-produit-ajout-liste" href="http://www.refonte.auchandirect.fr/rayon.productgridorlist.productlist_1.thumbnailproduct_0.addproducttoshoppinglist/100489?t:ac=484">Ajouter à ma liste</a></div><div class="infos-produit-1"><div class="prix-actuel"><span>2.78€</span></div></div><div class="infos-produit-2"><a title="Voir le produit" href="http://www.refonte.auchandirect.fr/petit-déjeuner-epicerie-sucrée/petit-déjeuner/thé-noir-de-ceylan/id1/484/100489"><h2>TWININGS</h2><h4>Thé noir de ceylan</h4><h4>Scotland</h4><p>
40 g
<br/>
69.50€/kg
</p></a></div><div class="mini_picto_bas"><img src="http://www.refonte.auchandirect.fr/static/images/DLC-garantie-30j_small.jpg"/></div></div></div></td><td><!-- PL : ici --><div class="bloc-produit "><div class="bloc-produit-content"><a title="Voir le produit" href="http://www.refonte.auchandirect.fr/petit-déjeuner-epicerie-sucrée/petit-déjeuner/thé-aromatisé-bergamote-et-agrumes/id1/484/38768"><img src="http://www.refonte.auchandirect.fr/static/images/products/line/38768.jpg" alt="" class="produit "/></a><div class="picto"><span class="invisible"></span></div><div class="boutons-produit"><a id="addProductToBasket_454" onclick="javascript:Tapestry.waitForPage(event);" title="Ajouter au panier" class="bt-produit-ajout-panier" href="http://www.refonte.auchandirect.fr/rayon.productgridorlist.productlist_1.thumbnailproduct_0.addproducttobasket/38768?t:ac=484">Ajouter au panier</a><a id="addProductToShoppingList_649" onclick="javascript:Tapestry.waitForPage(event);" title="Ajouter à ma liste" class="bt-produit-ajout-liste" href="http://www.refonte.auchandirect.fr/rayon.productgridorlist.productlist_1.thumbnailproduct_0.addproducttoshoppinglist/38768?t:ac=484">Ajouter à ma liste</a></div><div class="infos-produit-1"><div class="prix-actuel"><span>2.78€</span></div></div><div class="infos-produit-2"><a title="Voir le produit" href="http://www.refonte.auchandirect.fr/petit-déjeuner-epicerie-sucrée/petit-déjeuner/thé-aromatisé-bergamote-et-agrumes/id1/484/38768"><h2>TWININGS</h2><h4>Thé aromatisé bergamote et agrumes</h4><h4>Lady grey</h4><p>
50 g
<br/>
55.60€/kg
</p></a></div><div class="mini_picto_bas"><img src="http://www.refonte.auchandirect.fr/static/images/DLC-garantie-30j_small.jpg"/></div></div></div></td></tr><tr><td><!-- PL : ici --><div class="bloc-produit "><div class="bloc-produit-content"><a title="Voir le produit" href="http://www.refonte.auchandirect.fr/petit-déjeuner-epicerie-sucrée/petit-déjeuner/thé-aromatisé-bergamote-et-agrumes/id1/484/35679"><img src="http://www.refonte.auchandirect.fr/static/images/products/line/35679.jpg" alt="" class="produit "/></a><div class="picto"><span class="invisible"></span></div><div class="boutons-produit"><a id="addProductToBasket_455" onclick="javascript:Tapestry.waitForPage(event);" title="Ajouter au panier" class="bt-produit-ajout-panier" href="http://www.refonte.auchandirect.fr/rayon.productgridorlist.productlist_1.thumbnailproduct_0.addproducttobasket/35679?t:ac=484">Ajouter au panier</a><a id="addProductToShoppingList_650" onclick="javascript:Tapestry.waitForPage(event);" title="Ajouter à ma liste" class="bt-produit-ajout-liste" href="http://www.refonte.auchandirect.fr/rayon.productgridorlist.productlist_1.thumbnailproduct_0.addproducttoshoppinglist/35679?t:ac=484">Ajouter à ma liste</a></div><div class="infos-produit-1"><div class="prix-actuel"><span>4.32€</span></div></div><div class="infos-produit-2"><a title="Voir le produit" href="http://www.refonte.auchandirect.fr/petit-déjeuner-epicerie-sucrée/petit-déjeuner/thé-aromatisé-bergamote-et-agrumes/id1/484/35679"><h2>TWININGS</h2><h4>Thé aromatisé bergamote et agrumes</h4><h4>Earl Grey</h4><p>
100 g
<br/>
43.20€/kg
</p></a></div><div class="mini_picto_bas"><img src="http://www.refonte.auchandirect.fr/static/images/DLC-garantie-30j_small.jpg"/></div></div></div></td><td><!-- PL : ici --><div class="bloc-produit "><div class="bloc-produit-content"><a title="Voir le produit" href="http://www.refonte.auchandirect.fr/petit-déjeuner-epicerie-sucrée/petit-déjeuner/thé-noir-bergamote/id1/484/100935"><img src="http://www.refonte.auchandirect.fr/static/images/products/line/100935.jpg" alt="" class="produit "/></a><div class="picto"><span class="invisible"></span></div><div class="boutons-produit"><a id="addProductToBasket_456" onclick="javascript:Tapestry.waitForPage(event);" title="Ajouter au panier" class="bt-produit-ajout-panier" href="http://www.refonte.auchandirect.fr/rayon.productgridorlist.productlist_1.thumbnailproduct_0.addproducttobasket/100935?t:ac=484">Ajouter au panier</a><a id="addProductToShoppingList_651" onclick="javascript:Tapestry.waitForPage(event);" title="Ajouter à ma liste" class="bt-produit-ajout-liste" href="http://www.refonte.auchandirect.fr/rayon.productgridorlist.productlist_1.thumbnailproduct_0.addproducttoshoppinglist/100935?t:ac=484">Ajouter à ma liste</a></div><div class="infos-produit-1"><div class="prix-actuel"><span>2.19€</span></div></div><div class="infos-produit-2"><a title="Voir le produit" href="http://www.refonte.auchandirect.fr/petit-déjeuner-epicerie-sucrée/petit-déjeuner/thé-noir-bergamote/id1/484/100935"><h2>TWININGS</h2><h4>Thé noir bergamote</h4><h4>Earl Grey</h4><p>
50 g
<br/>
43.80€/kg
</p></a></div><div class="mini_picto_bas"><img src="http://www.refonte.auchandirect.fr/static/images/DLC-garantie-30j_small.jpg"/></div></div></div></td><td><!-- PL : ici --><div class="bloc-produit "><div class="bloc-produit-content"><a title="Voir le produit" href="http://www.refonte.auchandirect.fr/petit-déjeuner-epicerie-sucrée/petit-déjeuner/thé-vrac/id1/484/1507"><img src="http://www.refonte.auchandirect.fr/static/images/products/line/1507.jpg" alt="" class="produit "/></a><div class="picto"><span class="invisible"></span></div><div class="boutons-produit"><a id="addProductToBasket_457" onclick="javascript:Tapestry.waitForPage(event);" title="Ajouter au panier" class="bt-produit-ajout-panier" href="http://www.refonte.auchandirect.fr/rayon.productgridorlist.productlist_1.thumbnailproduct_0.addproducttobasket/1507?t:ac=484">Ajouter au panier</a><a id="addProductToShoppingList_652" onclick="javascript:Tapestry.waitForPage(event);" title="Ajouter à ma liste" class="bt-produit-ajout-liste" href="http://www.refonte.auchandirect.fr/rayon.productgridorlist.productlist_1.thumbnailproduct_0.addproducttoshoppinglist/1507?t:ac=484">Ajouter à ma liste</a></div><div class="infos-produit-1"><div class="prix-actuel"><span>6.66€</span></div></div><div class="infos-produit-2"><a title="Voir le produit" href="http://www.refonte.auchandirect.fr/petit-déjeuner-epicerie-sucrée/petit-déjeuner/thé-vrac/id1/484/1507"><h2>TWININGS</h2><h4>Thé vrac</h4><h4>Earl Grey</h4><p>
200 g
<br/>
33.30€/kg
</p></a></div><div class="mini_picto_bas"><img src="http://www.refonte.auchandirect.fr/static/images/DLC-garantie-30j_small.jpg"/></div></div></div></td></tr><tr><td><!-- PL : ici --><div class="bloc-produit "><div class="bloc-produit-content"><a title="Voir le produit" href="http://www.refonte.auchandirect.fr/petit-déjeuner-epicerie-sucrée/petit-déjeuner/thé-noir-nature/id1/484/100490"><img src="http://www.refonte.auchandirect.fr/static/images/products/line/100490.jpg" alt="" class="produit "/></a><div class="picto"><span class="invisible"></span></div><div class="boutons-produit"><a id="addProductToBasket_458" onclick="javascript:Tapestry.waitForPage(event);" title="Ajouter au panier" class="bt-produit-ajout-panier" href="http://www.refonte.auchandirect.fr/rayon.productgridorlist.productlist_1.thumbnailproduct_0.addproducttobasket/100490?t:ac=484">Ajouter au panier</a><a id="addProductToShoppingList_653" onclick="javascript:Tapestry.waitForPage(event);" title="Ajouter à ma liste" class="bt-produit-ajout-liste" href="http://www.refonte.auchandirect.fr/rayon.productgridorlist.productlist_1.thumbnailproduct_0.addproducttoshoppinglist/100490?t:ac=484">Ajouter à ma liste</a></div><div class="infos-produit-1"><div class="prix-actuel"><span>2.93€</span></div></div><div class="infos-produit-2"><a title="Voir le produit" href="http://www.refonte.auchandirect.fr/petit-déjeuner-epicerie-sucrée/petit-déjeuner/thé-noir-nature/id1/484/100490"><h2>TWININGS</h2><h4>Thé noir nature</h4><h4>Darjeeling</h4><p>
50 g
<br/>
58.60€/kg
</p></a></div><div class="mini_picto_bas"><img src="http://www.refonte.auchandirect.fr/static/images/DLC-garantie-30j_small.jpg"/></div></div></div></td><td><!-- PL : ici --><div class="bloc-produit "><div class="bloc-produit-content"><a title="Voir le produit" href="http://www.refonte.auchandirect.fr/petit-déjeuner-epicerie-sucrée/petit-déjeuner/thé-petit-déjeuner-en-vrac/id1/484/37678"><img src="http://www.refonte.auchandirect.fr/static/images/products/line/37678.jpg" alt="" class="produit "/></a><div class="picto"><span class="invisible"></span></div><div class="boutons-produit"><a id="addProductToBasket_459" onclick="javascript:Tapestry.waitForPage(event);" title="Ajouter au panier" class="bt-produit-ajout-panier" href="http://www.refonte.auchandirect.fr/rayon.productgridorlist.productlist_1.thumbnailproduct_0.addproducttobasket/37678?t:ac=484">Ajouter au panier</a><a id="addProductToShoppingList_654" onclick="javascript:Tapestry.waitForPage(event);" title="Ajouter à ma liste" class="bt-produit-ajout-liste" href="http://www.refonte.auchandirect.fr/rayon.productgridorlist.productlist_1.thumbnailproduct_0.addproducttoshoppinglist/37678?t:ac=484">Ajouter à ma liste</a></div><div class="infos-produit-1"><div class="prix-actuel"><span>6.02€</span></div></div><div class="infos-produit-2"><a title="Voir le produit" href="http://www.refonte.auchandirect.fr/petit-déjeuner-epicerie-sucrée/petit-déjeuner/thé-petit-déjeuner-en-vrac/id1/484/37678"><h2>TWININGS</h2><h4>Thé petit-déjeuner en vrac</h4><h4>Breakfast tea</h4><p>
200 g
<br/>
30.10€/kg
</p></a></div><div class="mini_picto_bas"><img src="http://www.refonte.auchandirect.fr/static/images/DLC-garantie-30j_small.jpg"/></div></div></div></td><td><!-- PL : ici --><div class="bloc-produit "><div class="bloc-produit-content"><a title="Voir le produit" href="http://www.refonte.auchandirect.fr/petit-déjeuner-epicerie-sucrée/petit-déjeuner/thé-vrac/id1/484/1508"><img src="http://www.refonte.auchandirect.fr/static/images/products/line/1508.jpg" alt="" class="produit "/></a><div class="picto"><span class="invisible"></span></div><div class="boutons-produit"><a id="addProductToBasket_460" onclick="javascript:Tapestry.waitForPage(event);" title="Ajouter au panier" class="bt-produit-ajout-panier" href="http://www.refonte.auchandirect.fr/rayon.productgridorlist.productlist_1.thumbnailproduct_0.addproducttobasket/1508?t:ac=484">Ajouter au panier</a><a id="addProductToShoppingList_655" onclick="javascript:Tapestry.waitForPage(event);" title="Ajouter à ma liste" class="bt-produit-ajout-liste" href="http://www.refonte.auchandirect.fr/rayon.productgridorlist.productlist_1.thumbnailproduct_0.addproducttoshoppinglist/1508?t:ac=484">Ajouter à ma liste</a></div><div class="infos-produit-1"><div class="prix-actuel"><span>8.84€</span></div></div><div class="infos-produit-2"><a title="Voir le produit" href="http://www.refonte.auchandirect.fr/petit-déjeuner-epicerie-sucrée/petit-déjeuner/thé-vrac/id1/484/1508"><h2>TWININGS</h2><h4>Thé vrac</h4><h4>Darjeeling</h4><p>
200 g
<br/>
44.20€/kg
</p></a></div><div class="mini_picto_bas"><img src="http://www.refonte.auchandirect.fr/static/images/DLC-garantie-30j_small.jpg"/></div></div></div></td></tr><tr><td><!-- PL : ici --><div class="bloc-produit "><div class="bloc-produit-content"><a title="Voir le produit" href="http://www.refonte.auchandirect.fr/petit-déjeuner-epicerie-sucrée/petit-déjeuner/thé-noir-aromatisé/id1/484/100448"><img src="http://www.refonte.auchandirect.fr/static/images/products/line/100448.jpg" alt="" class="produit "/></a><div class="picto"><span class="invisible"></span></div><div class="boutons-produit"><a id="addProductToBasket_461" onclick="javascript:Tapestry.waitForPage(event);" title="Ajouter au panier" class="bt-produit-ajout-panier" href="http://www.refonte.auchandirect.fr/rayon.productgridorlist.productlist_1.thumbnailproduct_0.addproducttobasket/100448?t:ac=484">Ajouter au panier</a><a id="addProductToShoppingList_656" onclick="javascript:Tapestry.waitForPage(event);" title="Ajouter à ma liste" class="bt-produit-ajout-liste" href="http://www.refonte.auchandirect.fr/rayon.productgridorlist.productlist_1.thumbnailproduct_0.addproducttoshoppinglist/100448?t:ac=484">Ajouter à ma liste</a></div><div class="infos-produit-1"><div class="prix-actuel"><span>2.37€</span></div></div><div class="infos-produit-2"><a title="Voir le produit" href="http://www.refonte.auchandirect.fr/petit-déjeuner-epicerie-sucrée/petit-déjeuner/thé-noir-aromatisé/id1/484/100448"><h2>TWININGS</h2><h4>Thé noir aromatisé</h4><h4>Orange canelle</h4><p>
50 g
<br/>
47.40€/kg
</p></a></div><div class="mini_picto_bas"><img src="http://www.refonte.auchandirect.fr/static/images/DLC-garantie-30j_small.jpg"/></div></div></div></td><td><!-- PL : ici --><div class="bloc-produit  bientot-dispo"><div class="bloc-produit-content"><a title="Voir le produit" href="http://www.refonte.auchandirect.fr/petit-déjeuner-epicerie-sucrée/petit-déjeuner/thé/id1/484/100114"><img src="http://www.refonte.auchandirect.fr/static/images/products/line/100114.jpg" alt="" class="produit "/></a><div class="picto"><span class="invisible"></span></div><div class="boutons-produit"><a class="bt-produit-ajout-panier disable" title="Bientôt disponible" href="javascript:void(0)">Bientôt disponible</a><a id="addProductToShoppingList_657" onclick="javascript:Tapestry.waitForPage(event);" title="Ajouter à ma liste" class="bt-produit-ajout-liste" href="http://www.refonte.auchandirect.fr/rayon.productgridorlist.productlist_1.thumbnailproduct_0.addproducttoshoppinglist/100114?t:ac=484">Ajouter à ma liste</a></div><div class="infos-produit-1"><div class="prix-actuel"><span>2.32€</span></div></div><div class="infos-produit-2"><a title="Voir le produit" href="http://www.refonte.auchandirect.fr/petit-déjeuner-epicerie-sucrée/petit-déjeuner/thé/id1/484/100114"><h2>TWININGS</h2><h4>Thé</h4><h4>Vanille</h4><p>
50 g
<br/>
46.40€/kg
</p></a></div><div class="mini_picto_bas"><img src="http://www.refonte.auchandirect.fr/static/images/DLC-garantie-30j_small.jpg"/></div></div></div></td><td><!-- PL : ici --><div class="bloc-produit "><div class="bloc-produit-content"><a title="Voir le produit" href="http://www.refonte.auchandirect.fr/petit-déjeuner-epicerie-sucrée/chocolats,-confiseries/cacao-en-poudre-non-sucré/id1/485/100247"><img src="http://www.refonte.auchandirect.fr/static/images/products/line/100247.jpg" alt="" class="produit "/></a><div class="picto"><span class="invisible"></span></div><div class="boutons-produit"><a id="addProductToBasket_462" onclick="javascript:Tapestry.waitForPage(event);" title="Ajouter au panier" class="bt-produit-ajout-panier" href="http://www.refonte.auchandirect.fr/rayon.productgridorlist.productlist_1.thumbnailproduct_0.addproducttobasket/100247?t:ac=484">Ajouter au panier</a><a id="addProductToShoppingList_658" onclick="javascript:Tapestry.waitForPage(event);" title="Ajouter à ma liste" class="bt-produit-ajout-liste" href="http://www.refonte.auchandirect.fr/rayon.productgridorlist.productlist_1.thumbnailproduct_0.addproducttoshoppinglist/100247?t:ac=484">Ajouter à ma liste</a></div><div class="infos-produit-1"><div class="prix-actuel"><span>3.20€</span></div></div><div class="infos-produit-2"><a title="Voir le produit" href="http://www.refonte.auchandirect.fr/petit-déjeuner-epicerie-sucrée/chocolats,-confiseries/cacao-en-poudre-non-sucré/id1/485/100247"><h2>VAN HOUTEN</h2><h4>Cacao en poudre non sucré</h4><h4></h4><p>
250 g
<br/>
12.80€/kg
</p></a></div><div class="mini_picto_bas"><img src="http://www.refonte.auchandirect.fr/static/images/DLC-garantie-30j_small.jpg"/></div></div></div></td></tr><tr><td><!-- PL : ici --><div class="bloc-produit promotion"><div class="bloc-produit-content"><a title="Voir le produit" href="http://www.refonte.auchandirect.fr/petit-déjeuner-epicerie-sucrée/petit-déjeuner/café-moulu-pur-arabica-doux/id1/484/61042"><img src="http://www.refonte.auchandirect.fr/static/images/products/line/61042.jpg" alt="" class="produit "/></a><div class="picto"><span class="invisible"></span></div><img src="http://www.refonte.auchandirect.fr/static/images/promo_small.png" class="ruban"/><div class="boutons-produit"><a id="addProductToBasket_463" onclick="javascript:Tapestry.waitForPage(event);" title="Ajouter au panier" class="bt-produit-ajout-panier" href="http://www.refonte.auchandirect.fr/rayon.productgridorlist.productlist_1.thumbnailproduct_0.addproducttobasket/61042?t:ac=484">Ajouter au panier</a><a id="addProductToShoppingList_659" onclick="javascript:Tapestry.waitForPage(event);" title="Ajouter à ma liste" class="bt-produit-ajout-liste" href="http://www.refonte.auchandirect.fr/rayon.productgridorlist.productlist_1.thumbnailproduct_0.addproducttoshoppinglist/61042?t:ac=484">Ajouter à ma liste</a></div><div class="infos-produit-1"><div class="prix-actuel"><span>5.99€</span></div></div><div class="infos-produit-2"><a title="Voir le produit" href="http://www.refonte.auchandirect.fr/petit-déjeuner-epicerie-sucrée/petit-déjeuner/café-moulu-pur-arabica-doux/id1/484/61042"><h2>VELOURS NOIR</h2><h4>Café moulu pur arabica doux</h4><h4>FORMAT PROMO</h4><p>
2 x 250 g
<br/>
11.98€/kg
</p></a></div><div class="mini_picto_bas"></div></div></div></td><td><!-- PL : ici --><div class="bloc-produit  bientot-dispo"><div class="bloc-produit-content"><a title="Voir le produit" href="http://www.refonte.auchandirect.fr/bio-ecolo/boissons-bio/smoothie/id1/455/53790"><img src="http://www.refonte.auchandirect.fr/static/images/products/line/53790.jpg" alt="" class="produit "/></a><div class="picto"><span class="invisible"></span></div><div class="boutons-produit"><a class="bt-produit-ajout-panier disable" title="Bientôt disponible" href="javascript:void(0)">Bientôt disponible</a><a id="addProductToShoppingList_660" onclick="javascript:Tapestry.waitForPage(event);" title="Ajouter à ma liste" class="bt-produit-ajout-liste" href="http://www.refonte.auchandirect.fr/rayon.productgridorlist.productlist_1.thumbnailproduct_0.addproducttoshoppinglist/53790?t:ac=484">Ajouter à ma liste</a></div><div class="infos-produit-1"><div class="prix-actuel"><span>2.57€</span></div></div><div class="infos-produit-2"><a title="Voir le produit" href="http://www.refonte.auchandirect.fr/bio-ecolo/boissons-bio/smoothie/id1/455/53790"><h2>VITABIO</h2><h4>Smoothie</h4><h4>Mangue ananas</h4><p>
25 cl
<br/>
10.28€/l
</p></a></div><div class="mini_picto_bas"><img src="http://www.refonte.auchandirect.fr/static/images/DLC-garantie-6j_small.jpg"/><img src="http://www.refonte.auchandirect.fr/static/images/AB_small.jpg"/></div></div></div></td><td><!-- PL : ici --><div class="bloc-produit "><div class="bloc-produit-content"><a title="Voir le produit" href="http://www.refonte.auchandirect.fr/bio-ecolo/boissons-bio/smoothie/id1/455/53792"><img src="http://www.refonte.auchandirect.fr/static/images/products/line/53792.jpg" alt="" class="produit "/></a><div class="picto"><span class="invisible"></span></div><div class="boutons-produit"><a id="addProductToBasket_464" onclick="javascript:Tapestry.waitForPage(event);" title="Ajouter au panier" class="bt-produit-ajout-panier" href="http://www.refonte.auchandirect.fr/rayon.productgridorlist.productlist_1.thumbnailproduct_0.addproducttobasket/53792?t:ac=484">Ajouter au panier</a><a id="addProductToShoppingList_661" onclick="javascript:Tapestry.waitForPage(event);" title="Ajouter à ma liste" class="bt-produit-ajout-liste" href="http://www.refonte.auchandirect.fr/rayon.productgridorlist.productlist_1.thumbnailproduct_0.addproducttoshoppinglist/53792?t:ac=484">Ajouter à ma liste</a></div><div class="infos-produit-1"><div class="prix-actuel"><span>2.57€</span></div></div><div class="infos-produit-2"><a title="Voir le produit" href="http://www.refonte.auchandirect.fr/bio-ecolo/boissons-bio/smoothie/id1/455/53792"><h2>VITABIO</h2><h4>Smoothie</h4><h4>Fraise banane myrtille</h4><p>
25 cl
<br/>
10.28€/l
</p></a></div><div class="mini_picto_bas"><img src="http://www.refonte.auchandirect.fr/static/images/DLC-garantie-6j_small.jpg"/><img src="http://www.refonte.auchandirect.fr/static/images/AB_small.jpg"/></div></div></div></td></tr><tr><td><!-- PL : ici --><div class="bloc-produit  bientot-dispo"><div class="bloc-produit-content"><a title="Voir le produit" href="http://www.refonte.auchandirect.fr/bio-ecolo/boissons-bio/smoothie/id1/455/53793"><img src="http://www.refonte.auchandirect.fr/static/images/products/line/53793.jpg" alt="" class="produit "/></a><div class="picto"><span class="invisible"></span></div><div class="boutons-produit"><a class="bt-produit-ajout-panier disable" title="Bientôt disponible" href="javascript:void(0)">Bientôt disponible</a><a id="addProductToShoppingList_662" onclick="javascript:Tapestry.waitForPage(event);" title="Ajouter à ma liste" class="bt-produit-ajout-liste" href="http://www.refonte.auchandirect.fr/rayon.productgridorlist.productlist_1.thumbnailproduct_0.addproducttoshoppinglist/53793?t:ac=484">Ajouter à ma liste</a></div><div class="infos-produit-1"><div class="prix-actuel"><span>2.57€</span></div></div><div class="infos-produit-2"><a title="Voir le produit" href="http://www.refonte.auchandirect.fr/bio-ecolo/boissons-bio/smoothie/id1/455/53793"><h2>VITABIO</h2><h4>Smoothie</h4><h4>Griotte poire acérola</h4><p>
25 cl
<br/>
10.28€/l
</p></a></div><div class="mini_picto_bas"><img src="http://www.refonte.auchandirect.fr/static/images/DLC-garantie-6j_small.jpg"/><img src="http://www.refonte.auchandirect.fr/static/images/AB_small.jpg"/></div></div></div></td><td><!-- PL : ici --><div class="bloc-produit "><div class="bloc-produit-content"><a title="Voir le produit" href="http://www.refonte.auchandirect.fr/bio-ecolo/boissons-bio/smoothie/id1/455/53791"><img src="http://www.refonte.auchandirect.fr/static/images/products/line/53791.jpg" alt="" class="produit "/></a><div class="picto"><span class="invisible"></span></div><div class="boutons-produit"><a id="addProductToBasket_465" onclick="javascript:Tapestry.waitForPage(event);" title="Ajouter au panier" class="bt-produit-ajout-panier" href="http://www.refonte.auchandirect.fr/rayon.productgridorlist.productlist_1.thumbnailproduct_0.addproducttobasket/53791?t:ac=484">Ajouter au panier</a><a id="addProductToShoppingList_663" onclick="javascript:Tapestry.waitForPage(event);" title="Ajouter à ma liste" class="bt-produit-ajout-liste" href="http://www.refonte.auchandirect.fr/rayon.productgridorlist.productlist_1.thumbnailproduct_0.addproducttoshoppinglist/53791?t:ac=484">Ajouter à ma liste</a></div><div class="infos-produit-1"><div class="prix-actuel"><span>2.62€</span></div></div><div class="infos-produit-2"><a title="Voir le produit" href="http://www.refonte.auchandirect.fr/bio-ecolo/boissons-bio/smoothie/id1/455/53791"><h2>VITABIO</h2><h4>Smoothie</h4><h4>Ananas goyave banane</h4><p>
25 cl
<br/>
10.48€/l
</p></a></div><div class="mini_picto_bas"><img src="http://www.refonte.auchandirect.fr/static/images/DLC-garantie-6j_small.jpg"/><img src="http://www.refonte.auchandirect.fr/static/images/AB_small.jpg"/></div></div></div></td><td><!-- PL : ici --><div class="bloc-produit "><div class="bloc-produit-content"><a title="Voir le produit" href="http://www.refonte.auchandirect.fr/bio-ecolo/boissons-bio/cocktail-5-fruits/id1/455/95939"><img src="http://www.refonte.auchandirect.fr/static/images/products/line/95939.jpg" alt="" class="produit "/></a><div class="picto"><span class="invisible"></span></div><div class="boutons-produit"><a id="addProductToBasket_466" onclick="javascript:Tapestry.waitForPage(event);" title="Ajouter au panier" class="bt-produit-ajout-panier" href="http://www.refonte.auchandirect.fr/rayon.productgridorlist.productlist_1.thumbnailproduct_0.addproducttobasket/95939?t:ac=484">Ajouter au panier</a><a id="addProductToShoppingList_664" onclick="javascript:Tapestry.waitForPage(event);" title="Ajouter à ma liste" class="bt-produit-ajout-liste" href="http://www.refonte.auchandirect.fr/rayon.productgridorlist.productlist_1.thumbnailproduct_0.addproducttoshoppinglist/95939?t:ac=484">Ajouter à ma liste</a></div><div class="infos-produit-1"><div class="prix-actuel"><span>3.08€</span></div></div><div class="infos-produit-2"><a title="Voir le produit" href="http://www.refonte.auchandirect.fr/bio-ecolo/boissons-bio/cocktail-5-fruits/id1/455/95939"><h2>VITABIO</h2><h4>Cocktail 5 Fruits</h4><h4></h4><p>
50 cl
<br/>
6.16€/l
</p></a></div><div class="mini_picto_bas"><img src="http://www.refonte.auchandirect.fr/static/images/AB_small.jpg"/></div></div></div></td></tr><tr><td><!-- PL : ici --><div class="bloc-produit  bientot-dispo"><div class="bloc-produit-content"><a title="Voir le produit" href="http://www.refonte.auchandirect.fr/bio-ecolo/boissons-bio/pur-jus-fruits-antioxydants/id1/455/96004"><img src="http://www.refonte.auchandirect.fr/static/images/products/line/96004.jpg" alt="" class="produit "/></a><div class="picto"><span class="invisible"></span></div><div class="boutons-produit"><a class="bt-produit-ajout-panier disable" title="Bientôt disponible" href="javascript:void(0)">Bientôt disponible</a><a id="addProductToShoppingList_665" onclick="javascript:Tapestry.waitForPage(event);" title="Ajouter à ma liste" class="bt-produit-ajout-liste" href="http://www.refonte.auchandirect.fr/rayon.productgridorlist.productlist_1.thumbnailproduct_0.addproducttoshoppinglist/96004?t:ac=484">Ajouter à ma liste</a></div><div class="infos-produit-1"><div class="prix-actuel"><span>4.85€</span></div></div><div class="infos-produit-2"><a title="Voir le produit" href="http://www.refonte.auchandirect.fr/bio-ecolo/boissons-bio/pur-jus-fruits-antioxydants/id1/455/96004"><h2>VITABIO</h2><h4>Pur jus fruits antioxydants</h4><h4>Grenade-Açaï</h4><p>
50 cl
<br/>
9.70€/l
</p></a></div><div class="mini_picto_bas"><img src="http://www.refonte.auchandirect.fr/static/images/AB_small.jpg"/></div></div></div></td><td><!-- PL : ici --><div class="bloc-produit "><div class="bloc-produit-content"><a title="Voir le produit" href="http://www.refonte.auchandirect.fr/bio-ecolo/boissons-bio/pur-jus-fruits-antioxydants/id1/455/96005"><img src="http://www.refonte.auchandirect.fr/static/images/products/line/96005.jpg" alt="" class="produit "/></a><div class="picto"><span class="invisible"></span></div><div class="boutons-produit"><a id="addProductToBasket_467" onclick="javascript:Tapestry.waitForPage(event);" title="Ajouter au panier" class="bt-produit-ajout-panier" href="http://www.refonte.auchandirect.fr/rayon.productgridorlist.productlist_1.thumbnailproduct_0.addproducttobasket/96005?t:ac=484">Ajouter au panier</a><a id="addProductToShoppingList_666" onclick="javascript:Tapestry.waitForPage(event);" title="Ajouter à ma liste" class="bt-produit-ajout-liste" href="http://www.refonte.auchandirect.fr/rayon.productgridorlist.productlist_1.thumbnailproduct_0.addproducttoshoppinglist/96005?t:ac=484">Ajouter à ma liste</a></div><div class="infos-produit-1"><div class="prix-actuel"><span>4.85€</span></div></div><div class="infos-produit-2"><a title="Voir le produit" href="http://www.refonte.auchandirect.fr/bio-ecolo/boissons-bio/pur-jus-fruits-antioxydants/id1/455/96005"><h2>VITABIO</h2><h4>Pur jus fruits antioxydants</h4><h4>Cocktail Cranberry</h4><p>
50 cl
<br/>
9.70€/l
</p></a></div><div class="mini_picto_bas"><img src="http://www.refonte.auchandirect.fr/static/images/AB_small.jpg"/></div></div></div></td><td><!-- PL : ici --><div class="bloc-produit  bientot-dispo"><div class="bloc-produit-content"><a title="Voir le produit" href="http://www.refonte.auchandirect.fr/petit-déjeuner-epicerie-sucrée/bien-etre,-forme/pain-croustillant-traditionnel-au-seigle/id1/431988/21871"><img src="http://www.refonte.auchandirect.fr/static/images/products/line/21871.jpg" alt="" class="produit "/></a><div class="picto"><span class="invisible"></span></div><div class="boutons-produit"><a class="bt-produit-ajout-panier disable" title="Bientôt disponible" href="javascript:void(0)">Bientôt disponible</a><a id="addProductToShoppingList_667" onclick="javascript:Tapestry.waitForPage(event);" title="Ajouter à ma liste" class="bt-produit-ajout-liste" href="http://www.refonte.auchandirect.fr/rayon.productgridorlist.productlist_1.thumbnailproduct_0.addproducttoshoppinglist/21871?t:ac=484">Ajouter à ma liste</a></div><div class="infos-produit-1"><div class="prix-actuel"><span>1.81€</span></div></div><div class="infos-produit-2"><a title="Voir le produit" href="http://www.refonte.auchandirect.fr/petit-déjeuner-epicerie-sucrée/bien-etre,-forme/pain-croustillant-traditionnel-au-seigle/id1/431988/21871"><h2>WASA</h2><h4>Pain croustillant traditionnel au seigle</h4><h4>Authentique</h4><p>
275 g
<br/>
6.58€/kg
</p></a></div><div class="mini_picto_bas"><img src="http://www.refonte.auchandirect.fr/static/images/DLC-garantie-30j_small.jpg"/></div></div></div></td></tr><tr><td><!-- PL : ici --><div class="bloc-produit  bientot-dispo"><div class="bloc-produit-content"><a title="Voir le produit" href="http://www.refonte.auchandirect.fr/petit-déjeuner-epicerie-sucrée/bien-etre,-forme/pain-croustillant-fin-et-délicat/id1/431988/21914"><img src="http://www.refonte.auchandirect.fr/static/images/products/line/21914.jpg" alt="" class="produit "/></a><div class="picto"><span class="invisible"></span></div><div class="boutons-produit"><a class="bt-produit-ajout-panier disable" title="Bientôt disponible" href="javascript:void(0)">Bientôt disponible</a><a id="addProductToShoppingList_668" onclick="javascript:Tapestry.waitForPage(event);" title="Ajouter à ma liste" class="bt-produit-ajout-liste" href="http://www.refonte.auchandirect.fr/rayon.productgridorlist.productlist_1.thumbnailproduct_0.addproducttoshoppinglist/21914?t:ac=484">Ajouter à ma liste</a></div><div class="infos-produit-1"><div class="prix-actuel"><span>1.80€</span></div></div><div class="infos-produit-2"><a title="Voir le produit" href="http://www.refonte.auchandirect.fr/petit-déjeuner-epicerie-sucrée/bien-etre,-forme/pain-croustillant-fin-et-délicat/id1/431988/21914"><h2>WASA</h2><h4>Pain croustillant fin et délicat</h4><h4>Léger</h4><p>
270 g
<br/>
6.67€/kg
</p></a></div><div class="mini_picto_bas"><img src="http://www.refonte.auchandirect.fr/static/images/DLC-garantie-30j_small.jpg"/></div></div></div></td><td><!-- PL : ici --><div class="bloc-produit  bientot-dispo"><div class="bloc-produit-content"><a title="Voir le produit" href="http://www.refonte.auchandirect.fr/petit-déjeuner-epicerie-sucrée/bien-etre,-forme/pain-croustillant-riche-en-fibres/id1/431988/21872"><img src="http://www.refonte.auchandirect.fr/static/images/products/line/21872.jpg" alt="" class="produit "/></a><div class="picto"><span class="invisible"></span></div><div class="boutons-produit"><a class="bt-produit-ajout-panier disable" title="Bientôt disponible" href="javascript:void(0)">Bientôt disponible</a><a id="addProductToShoppingList_669" onclick="javascript:Tapestry.waitForPage(event);" title="Ajouter à ma liste" class="bt-produit-ajout-liste" href="http://www.refonte.auchandirect.fr/rayon.productgridorlist.productlist_1.thumbnailproduct_0.addproducttoshoppinglist/21872?t:ac=484">Ajouter à ma liste</a></div><div class="infos-produit-1"><div class="prix-actuel"><span>1.49€</span></div></div><div class="infos-produit-2"><a title="Voir le produit" href="http://www.refonte.auchandirect.fr/petit-déjeuner-epicerie-sucrée/bien-etre,-forme/pain-croustillant-riche-en-fibres/id1/431988/21872"><h2>WASA</h2><h4>Pain croustillant riche en fibres</h4><h4>Fibres</h4><p>
230 g
<br/>
6.48€/kg
</p></a></div><div class="mini_picto_bas"><img src="http://www.refonte.auchandirect.fr/static/images/DLC-garantie-30j_small.jpg"/></div></div></div></td><td><!-- PL : ici --><div class="bloc-produit "><div class="bloc-produit-content"><a title="Voir le produit" href="http://www.refonte.auchandirect.fr/petit-déjeuner-epicerie-sucrée/petit-déjeuner/céréales-au-blé-complet/id1/484/100198"><img src="http://www.refonte.auchandirect.fr/static/images/products/line/100198.jpg" alt="" class="produit "/></a><div class="picto"><span class="invisible"></span></div><div class="boutons-produit"><a id="addProductToBasket_468" onclick="javascript:Tapestry.waitForPage(event);" title="Ajouter au panier" class="bt-produit-ajout-panier" href="http://www.refonte.auchandirect.fr/rayon.productgridorlist.productlist_1.thumbnailproduct_0.addproducttobasket/100198?t:ac=484">Ajouter au panier</a><a id="addProductToShoppingList_670" onclick="javascript:Tapestry.waitForPage(event);" title="Ajouter à ma liste" class="bt-produit-ajout-liste" href="http://www.refonte.auchandirect.fr/rayon.productgridorlist.productlist_1.thumbnailproduct_0.addproducttoshoppinglist/100198?t:ac=484">Ajouter à ma liste</a></div><div class="infos-produit-1"><div class="prix-actuel"><span>2.62€</span></div></div><div class="infos-produit-2"><a title="Voir le produit" href="http://www.refonte.auchandirect.fr/petit-déjeuner-epicerie-sucrée/petit-déjeuner/céréales-au-blé-complet/id1/484/100198"><h2>WEETABIX</h2><h4>Céréales au blé complet</h4><h4>Original</h4><p>
430 g
<br/>
6.09€/kg
</p></a></div><div class="mini_picto_bas"><img src="http://www.refonte.auchandirect.fr/static/images/DLC-garantie-30j_small.jpg"/></div></div></div></td></tr><tr><td><!-- PL : ici --><div class="bloc-produit  bientot-dispo"><div class="bloc-produit-content"><a title="Voir le produit" href="http://www.refonte.auchandirect.fr/pain-azyme/id1/0/56957"><img src="http://www.refonte.auchandirect.fr/static/images/products/line/56957.jpg" alt="" class="produit "/></a><div class="picto"><span class="invisible"></span></div><div class="boutons-produit"><a class="bt-produit-ajout-panier disable" title="Bientôt disponible" href="javascript:void(0)">Bientôt disponible</a><a id="addProductToShoppingList_671" onclick="javascript:Tapestry.waitForPage(event);" title="Ajouter à ma liste" class="bt-produit-ajout-liste" href="http://www.refonte.auchandirect.fr/rayon.productgridorlist.productlist_1.thumbnailproduct_0.addproducttoshoppinglist/56957?t:ac=484">Ajouter à ma liste</a></div><div class="infos-produit-1"><div class="prix-actuel"><span>6.46€</span></div></div><div class="infos-produit-2"><a title="Voir le produit" href="http://www.refonte.auchandirect.fr/pain-azyme/id1/0/56957"><h2>YARDEN</h2><h4>Pain azyme</h4><h4></h4><p>
900 g
<br/>
7.18€/kg
</p></a></div><div class="mini_picto_bas"><img src="http://www.refonte.auchandirect.fr/static/images/DLC-garantie-30j_small.jpg"/><img src="http://www.refonte.auchandirect.fr/static/images/cacher_small.jpg"/></div></div></div></td><td><!-- PL : ici --><div class="bloc-produit  bientot-dispo"><div class="bloc-produit-content"><a title="Voir le produit" href="http://www.refonte.auchandirect.fr/bagel-de-pavots/id1/0/56895"><img src="http://www.refonte.auchandirect.fr/static/images/products/line/56895.jpg" alt="" class="produit "/></a><div class="picto"><span class="invisible"></span></div><div class="boutons-produit"><a class="bt-produit-ajout-panier disable" title="Bientôt disponible" href="javascript:void(0)">Bientôt disponible</a><a id="addProductToShoppingList_672" onclick="javascript:Tapestry.waitForPage(event);" title="Ajouter à ma liste" class="bt-produit-ajout-liste" href="http://www.refonte.auchandirect.fr/rayon.productgridorlist.productlist_1.thumbnailproduct_0.addproducttoshoppinglist/56895?t:ac=484">Ajouter à ma liste</a></div><div class="infos-produit-1"><div class="prix-actuel"><span>2.66€</span></div></div><div class="infos-produit-2"><a title="Voir le produit" href="http://www.refonte.auchandirect.fr/bagel-de-pavots/id1/0/56895"><h2>YARDEN</h2><h4>Bagel de pavots</h4><h4></h4><p>
340 g
<br/>
7.82€/kg
</p></a></div><div class="mini_picto_bas"><img src="http://www.refonte.auchandirect.fr/static/images/DLC-garantie-30j_small.jpg"/><img src="http://www.refonte.auchandirect.fr/static/images/cacher_small.jpg"/></div></div></div></td><td><!-- PL : ici --><div class="bloc-produit "><div class="bloc-produit-content"><a title="Voir le produit" href="http://www.refonte.auchandirect.fr/petit-déjeuner-epicerie-sucrée/petit-déjeuner/thé-noir-de-chine-x-25/id1/484/1287"><img src="http://www.refonte.auchandirect.fr/static/images/products/line/1287.jpg" alt="" class="produit "/></a><div class="picto"><span class="invisible"></span></div><div class="boutons-produit"><a id="addProductToBasket_469" onclick="javascript:Tapestry.waitForPage(event);" title="Ajouter au panier" class="bt-produit-ajout-panier" href="http://www.refonte.auchandirect.fr/rayon.productgridorlist.productlist_1.thumbnailproduct_0.addproducttobasket/1287?t:ac=484">Ajouter au panier</a><a id="addProductToShoppingList_673" onclick="javascript:Tapestry.waitForPage(event);" title="Ajouter à ma liste" class="bt-produit-ajout-liste" href="http://www.refonte.auchandirect.fr/rayon.productgridorlist.productlist_1.thumbnailproduct_0.addproducttoshoppinglist/1287?t:ac=484">Ajouter à ma liste</a></div><div class="infos-produit-1"><div class="prix-actuel"><span>4.05€</span></div></div><div class="infos-produit-2"><a title="Voir le produit" href="http://www.refonte.auchandirect.fr/petit-déjeuner-epicerie-sucrée/petit-déjeuner/thé-noir-de-chine-x-25/id1/484/1287"><h2>YUNNAN TUOCHA</h2><h4>Thé noir de Chine x 25</h4><h4></h4><p>
50 g
<br/>
81.00€/kg
</p></a></div><div class="mini_picto_bas"><img src="http://www.refonte.auchandirect.fr/static/images/DLC-garantie-30j_small.jpg"/></div></div></div></td></tr><tr><td><!-- PL : ici --><div class="bloc-produit "><div class="bloc-produit-content"><a title="Voir le produit" href="http://www.refonte.auchandirect.fr/petit-déjeuner-epicerie-sucrée/petit-déjeuner/thé-gingseng/id1/484/38782"><img src="http://www.refonte.auchandirect.fr/static/images/products/line/38782.jpg" alt="" class="produit "/></a><div class="picto"><span class="invisible"></span></div><div class="boutons-produit"><a id="addProductToBasket_470" onclick="javascript:Tapestry.waitForPage(event);" title="Ajouter au panier" class="bt-produit-ajout-panier" href="http://www.refonte.auchandirect.fr/rayon.productgridorlist.productlist_1.thumbnailproduct_0.addproducttobasket/38782?t:ac=484">Ajouter au panier</a><a id="addProductToShoppingList_674" onclick="javascript:Tapestry.waitForPage(event);" title="Ajouter à ma liste" class="bt-produit-ajout-liste" href="http://www.refonte.auchandirect.fr/rayon.productgridorlist.productlist_1.thumbnailproduct_0.addproducttoshoppinglist/38782?t:ac=484">Ajouter à ma liste</a></div><div class="infos-produit-1"><div class="prix-actuel"><span>4.64€</span></div></div><div class="infos-produit-2"><a title="Voir le produit" href="http://www.refonte.auchandirect.fr/petit-déjeuner-epicerie-sucrée/petit-déjeuner/thé-gingseng/id1/484/38782"><h2>YUNNAN TUOCHA</h2><h4>Thé gingseng</h4><h4></h4><p>
40 g
<br/>
116.00€/kg
</p></a></div><div class="mini_picto_bas"><img src="http://www.refonte.auchandirect.fr/static/images/DLC-garantie-30j_small.jpg"/></div></div></div></td><td></td><td></td></tr></table></div></div></div><!-- t:zone t:id="productListZone" t:update="show">
							<t:if test="specificCategory">
								<div id="${productListDivId}" class="liste clear-container">
									<bean t:type="products/lists/productList" categoryId="categoryId" products="products" listType="displayType" specifCategory="true" />
								</div>
							<p:else>
								<div id="${productListDivId}" class="liste clear-container">
									<bean t:type="products/lists/productList" categoryId="categoryId" products="products" listType="displayType" />
								</div>
							</p:else>
							</t:if>
						</t:zone --><!-- Bannière bas --><div class="zone-admin diff-zone"></div><!--  --><div class="clear-container" id="liste-produits-infos"><p>
Si vous avez des suggestions de produits,
<a id="suggestionPopup" onclick="javascript:Tapestry.waitForPage(event);" class="orange-link" shape="rect" href="http://www.refonte.auchandirect.fr/rayon.suggestionpopup?t:ac=484">dites-le nous !</a><span class="backtotop"><a shape="rect" href="484.html#top">Retour en haut de page</a></span></p></div></div><div style="position: relative" class="right-content"><div style="position: relative" id="wrapper_for_fixed_content"><!-- <div id="wrapper_for_fixed_content" xmlns:t="http://tapestry.apache.org/schema/tapestry_5_1_0.xsd" xmlns:p="tapestry:parameter"> --><div id="tout-en-un-client"><div class="item first" id="tout-en-un-compte"><h3>Mon Compte</h3><p><a id="eventlink" onclick="javascript:Tapestry.waitForPage(event);" href="http://www.refonte.auchandirect.fr/rayon.customerinfos:showsigninpopup?t:ac=484">Identifiez-vous</a><a> - </a><a id="registerPopup" onclick="javascript:Tapestry.waitForPage(event);" href="http://www.refonte.auchandirect.fr/rayon.customerinfos.registerpopup?t:ac=484">Inscrivez-vous</a></p></div><div class="item" id="tout-en-un-commandes"><h3>Mes commandes</h3><p><a id="popupAuth" onclick="javascript:Tapestry.waitForPage(event);" href="http://www.refonte.auchandirect.fr/rayon.customerinfos.popupauth?t:ac=484">Consultez vos commandes en cours et passées</a></p></div><div class="item" id="tout-en-un-livraison"><h3>
Ma livraison
</h3><p class="t-zone" id="slotInfoZone"><a id="showSlotTab" onclick="javascript:Tapestry.waitForPage(event);" href="http://www.refonte.auchandirect.fr/rayon.customerinfos.slotinfo.showslottab?t:ac=484"><span class="item-texte">
Prochaine livraison possible
</span><span class="item-date">mardi 15/01 entre 08h00 et 10h00</span></a></p></div><div class="t-zone" id="accountSummaryTabContentZone"><div id="onglets"><ul class="menu menu-horizontal tabs float-container"><li><a id="basket" onclick="javascript:Tapestry.waitForPage(event);" title="Mon panier" class="onglet-panier current" href="http://www.refonte.auchandirect.fr/rayon.customerinfos.basket?t:ac=484"><span class="invisible">Mon panier</span></a></li><li><a id="lists" onclick="javascript:Tapestry.waitForPage(event);" title="Mes listes" class="onglet-listes " href="http://www.refonte.auchandirect.fr/rayon.customerinfos.lists?t:ac=484"><span class="invisible">Mes listes</span></a></li><li><a id="topBasket" onclick="javascript:Tapestry.waitForPage(event);" title="Lancer mon top panier" class="onglet-top-panier " href="http://www.refonte.auchandirect.fr/rayon.customerinfos.topbasket?t:ac=484"><span class="invisible">[[missing key: customerInfos.top]]</span></a></li></ul><div class="panes"><div class="item" id="panel-panier"><div class="t-zone" id="completeMiniBasketZone"><div class="t-zone" id="miniBasket"><p>Votre panier est vide</p><ul class="menu menu-horizontal"><li><a title="Voir le détails de votre panier" class="panier-bt-voir" href="../../../monpanier.html"></a></li></ul></div><div class="bouton-right-container"><div class="container-bouton-type1"><a id="validateBasket" onclick="javascript:Tapestry.waitForPage(event);" class="bouton-type1" href="http://www.refonte.auchandirect.fr/rayon.customerinfos.minibasket.validatebasket?t:ac=484">
Valider mon panier
</a></div></div><div class="clear"></div></div></div></div></div></div></div><!-- </div> --><!-- <bean t:type="misc/commitment/expandedCommitment" /> --></div></div></div></div><!-- div class="float-container" id="footer-menu-annexe" xmlns:t="http://tapestry.apache.org/schema/tapestry_5_1_0.xsd">
	<ul class="menu menu-horizontal">
		<li>
			<t:pagelink t:page="apropos/engagement">
				<t:outputraw value="message:link.engagement.lbl" />
			</t:pagelink>
		</li>
		<li>
			<t:pagelink t:page="apropos/contact">
				<t:outputraw value="message:link.contact.lbl" />
			</t:pagelink>
		</li>
		<li>
			<t:pagelink t:page="apropos/faq">
				<t:outputraw value="message:link.faq.lbl" />
			</t:pagelink>
		</li>
		<li>
			<t:pagelink t:page="apropos/cgv">
				<t:outputraw value="message:link.cgv.lbl" />
			</t:pagelink>
		</li>
		<li>
			<t:pagelink t:page="apropos/operations">
				<t:outputraw value="message:link.operations.lbl" />
			</t:pagelink>
		</li>
		<li>
			<t:pagelink t:page="apropos/legal">
				<t:outputraw value="message:link.legal.lbl" />
			</t:pagelink>
		</li>
	</ul>
</div --><div id="footer-menu-annexe" class="float-container">
<ul class="menu menu-horizontal">
	<li><a href="http://www.refonte.auchandirect.fr/apropos/engagement">Engagements</a></li>
	<li><a href="http://www.refonte.auchandirect.fr/apropos/contact">Contactez-nous</a></li>
	<li><a href="http://www.refonte.auchandirect.fr/apropos/faq">FAQ</a></li>
	<li><a href="http://www.refonte.auchandirect.fr/apropos/cgv">Conditions g&eacute;n&eacute;rales de vente</a></li>
	<li><a href="http://www.refonte.auchandirect.fr/apropos/operations">Op&eacute;rations commerciales</a></li>
	<li><a href="http://www.refonte.auchandirect.fr/apropos/legal">Mentions l&eacute;gales</a></li>
	<li><a href="../../../actus.html">Actualit&eacute;s</a> </li>
</ul>
</div>
<!-- div class="float-container" id="footer-infos" xmlns:t="http://tapestry.apache.org/schema/tapestry_5_1_0.xsd">
	<div id="info-facebook">
		<a href="http://www.facebook.com/Auchandirect.fr" target="_blank">
			<img width="26" height="26" alt="${message:facebook.img.alt}" src="/static/images/icone-facebook.png" />
		</a>
		<a href="http://www.facebook.com/Auchandirect.fr" target="_blank">	
			<span><t:outputraw value="message:facebook.fan.lbl" /></span>
		</a>
	</div>
	<div id="infos-contact">
		<div id="infos-contact-titre">
			<t:outputraw value="message:info.contact.lbl" />
		</div>
		<div id="infos-contact-tel">
			<t:outputraw value="message:info.phone.lbl" />
		</div>
		<div id="infos-contact-mail">
			<t:outputraw value="message:info.mail.lbl" />
		</div>
		<div id="eco-responsable">
			<img src="/static/images/picto-carton.png" width="142" height="126" alt="${message:eco.resp.alt}" />
		</div>
	</div>
</div --><div id="footer-infos" class="float-container">
<div id="info-facebook">
<a href="http://www.facebook.com/Auchandirect.fr" target="_blank"><img src="http://www.refonte.auchandirect.fr/static/images/icone-facebook.png" alt="auchandirect sur facebook" width="26" height="26" /></a><a href="http://www.facebook.com/Auchandirect.fr" target="_blank"><span>Devenez fan !</span></a>
</div>
<div id="infos-contact">
<div id="infos-contact-titre">
Contactez votre service client :
</div>
<div id="infos-contact-tel">
<strong>Par t&eacute;l&eacute;phone : 01 56 30 91 00 </strong>Du lundi au vendredi de 8H &agrave; 22H et le samedi de 9H &agrave; 18H (Appel non surtax&eacute;)
</div>
<div id="infos-contact-mail">
<strong>Par email : <a href="mailto:client@auchandirect.fr">client@auchandirect.fr</a></strong>
</div>
<div id="eco-responsable">
<img src="http://www.refonte.auchandirect.fr/static/images/picto-carton.png" alt="eco-responsable" width="142" height="126" />
</div>
</div>
</div>
</div><div class="t-zone" id="popupZone"></div><div class="t-zone" id="secondPopupZone"></div><div class="t-zone" id="closePopupZone"></div><a style="display:none;" id="showPopupLink" href="484.html#popupContent" class="fancylink"></a><div style="display:none"><div class="t-zone" id="forceAjax"></div></div><script type="text/javascript">
var gaJsHost = (("https:" == document.location.protocol) ? "https://ssl." : "http://www.");
document.write(unescape("%3Cscript src='" + gaJsHost + "google-analytics.com/ga.js' type='text/javascript'%3E%3C/script%3E"));
</script><script type="text/javascript">
var pageTracker = _gat._getTracker("UA-3062526-1");
pageTracker._initData();
pageTracker._trackPageview();
pageTracker._trackPageLoadTime();
</script><script type="text/javascript">Tapestry.onDOMLoaded(function() {
Tapestry.init({"popup":[[]],"zone":[{"update":"show","element":"headerListZone"},{"update":"show","element":"productDisplayTypeZone"},{"update":"show","element":"labelZone"},{"update":"show","element":"moreProductListZone"},{"update":"show","element":"productListZone"},{"update":"show","element":"slotInfoZone"},{"update":"show","element":"accountSummaryTabContentZone"},{"update":"show","element":"completeMiniBasketZone"},{"update":"show","element":"miniBasket"},{"update":"show","element":"popupZone"},{"update":"show","element":"secondPopupZone"},{"update":"show","element":"closePopupZone"},"forceAjax"],"linkZone":[["newsLetterPopup","forceAjax","/rayon.pagetemplate.header.headertop.newsletterpopup?t:ac=484"],["sortForm","productListZone","/rayon.productgridorlist.sortform"],["list","productListZone","/rayon.productgridorlist.list?t:ac=484"],["thumbnail","productListZone","/rayon.productgridorlist.thumbnail?t:ac=484"],["viewSubCat","labelZone","/rayon.productgridorlist.viewsubcat/710?t:ac=484"],["viewSubCat_0","labelZone","/rayon.productgridorlist.viewsubcat/431984?t:ac=484"],["viewSubCat_1","labelZone","/rayon.productgridorlist.viewsubcat/715?t:ac=484"],["viewSubCat_2","labelZone","/rayon.productgridorlist.viewsubcat/709?t:ac=484"],["viewSubCat_3","labelZone","/rayon.productgridorlist.viewsubcat/708?t:ac=484"],["viewSubCat_4","labelZone","/rayon.productgridorlist.viewsubcat/716?t:ac=484"],["viewSubCat_5","labelZone","/rayon.productgridorlist.viewsubcat/712?t:ac=484"],["viewSubCat_6","labelZone","/rayon.productgridorlist.viewsubcat/713?t:ac=484"],["viewSubCat_7","labelZone","/rayon.productgridorlist.viewsubcat/714?t:ac=484"],["filterPromos","productListZone","/rayon.productgridorlist.filterpromos?t:ac=484"],["filterNews","productListZone","/rayon.productgridorlist.filternews?t:ac=484"],["filterAuchan","productListZone","/rayon.productgridorlist.filterauchan?t:ac=484"],["viewAllBrands","labelZone","/rayon.productgridorlist.viewallbrands?t:ac=484"],["addProductToShoppingList","forceAjax","/rayon.productgridorlist.productlist_1.thumbnailproduct_0.addproducttoshoppinglist/49921?t:ac=484"],["addProductToBasket","forceAjax","/rayon.productgridorlist.productlist_1.thumbnailproduct_0.addproducttobasket/49916?t:ac=484"],["addProductToShoppingList_0","forceAjax","/rayon.productgridorlist.productlist_1.thumbnailproduct_0.addproducttoshoppinglist/49916?t:ac=484"],["addProductToBasket_0","forceAjax","/rayon.productgridorlist.productlist_1.thumbnailproduct_0.addproducttobasket/49915?t:ac=484"],["addProductToShoppingList_1","forceAjax","/rayon.productgridorlist.productlist_1.thumbnailproduct_0.addproducttoshoppinglist/49915?t:ac=484"],["addProductToBasket_1","forceAjax","/rayon.productgridorlist.productlist_1.thumbnailproduct_0.addproducttobasket/49920?t:ac=484"],["addProductToShoppingList_2","forceAjax","/rayon.productgridorlist.productlist_1.thumbnailproduct_0.addproducttoshoppinglist/49920?t:ac=484"],["addProductToShoppingList_3","forceAjax","/rayon.productgridorlist.productlist_1.thumbnailproduct_0.addproducttoshoppinglist/49927?t:ac=484"],["addProductToBasket_2","forceAjax","/rayon.productgridorlist.productlist_1.thumbnailproduct_0.addproducttobasket/48378?t:ac=484"],["addProductToShoppingList_4","forceAjax","/rayon.productgridorlist.productlist_1.thumbnailproduct_0.addproducttoshoppinglist/48378?t:ac=484"],["addProductToShoppingList_5","forceAjax","/rayon.productgridorlist.productlist_1.thumbnailproduct_0.addproducttoshoppinglist/48385?t:ac=484"],["addProductToShoppingList_6","forceAjax","/rayon.productgridorlist.productlist_1.thumbnailproduct_0.addproducttoshoppinglist/49914?t:ac=484"],["addProductToShoppingList_7","forceAjax","/rayon.productgridorlist.productlist_1.thumbnailproduct_0.addproducttoshoppinglist/48386?t:ac=484"],["addProductToBasket_3","forceAjax","/rayon.productgridorlist.productlist_1.thumbnailproduct_0.addproducttobasket/48382?t:ac=484"],["addProductToShoppingList_8","forceAjax","/rayon.productgridorlist.productlist_1.thumbnailproduct_0.addproducttoshoppinglist/48382?t:ac=484"],["addProductToShoppingList_9","forceAjax","/rayon.productgridorlist.productlist_1.thumbnailproduct_0.addproducttoshoppinglist/48383?t:ac=484"],["addProductToBasket_4","forceAjax","/rayon.productgridorlist.productlist_1.thumbnailproduct_0.addproducttobasket/48384?t:ac=484"],["addProductToShoppingList_10","forceAjax","/rayon.productgridorlist.productlist_1.thumbnailproduct_0.addproducttoshoppinglist/48384?t:ac=484"],["addProductToBasket_5","forceAjax","/rayon.productgridorlist.productlist_1.thumbnailproduct_0.addproducttobasket/48392?t:ac=484"],["addProductToShoppingList_11","forceAjax","/rayon.productgridorlist.productlist_1.thumbnailproduct_0.addproducttoshoppinglist/48392?t:ac=484"],["addProductToShoppingList_12","forceAjax","/rayon.productgridorlist.productlist_1.thumbnailproduct_0.addproducttoshoppinglist/48394?t:ac=484"],["addProductToBasket_6","forceAjax","/rayon.productgridorlist.productlist_1.thumbnailproduct_0.addproducttobasket/100948?t:ac=484"],["addProductToShoppingList_13","forceAjax","/rayon.productgridorlist.productlist_1.thumbnailproduct_0.addproducttoshoppinglist/100948?t:ac=484"],["addProductToBasket_7","forceAjax","/rayon.productgridorlist.productlist_1.thumbnailproduct_0.addproducttobasket/100688?t:ac=484"],["addProductToShoppingList_14","forceAjax","/rayon.productgridorlist.productlist_1.thumbnailproduct_0.addproducttoshoppinglist/100688?t:ac=484"],["addProductToBasket_8","forceAjax","/rayon.productgridorlist.productlist_1.thumbnailproduct_0.addproducttobasket/100947?t:ac=484"],["addProductToShoppingList_15","forceAjax","/rayon.productgridorlist.productlist_1.thumbnailproduct_0.addproducttoshoppinglist/100947?t:ac=484"],["addProductToBasket_9","forceAjax","/rayon.productgridorlist.productlist_1.thumbnailproduct_0.addproducttobasket/39334?t:ac=484"],["addProductToShoppingList_16","forceAjax","/rayon.productgridorlist.productlist_1.thumbnailproduct_0.addproducttoshoppinglist/39334?t:ac=484"],["addProductToShoppingList_17","forceAjax","/rayon.productgridorlist.productlist_1.thumbnailproduct_0.addproducttoshoppinglist/4137?t:ac=484"],["addProductToShoppingList_18","forceAjax","/rayon.productgridorlist.productlist_1.thumbnailproduct_0.addproducttoshoppinglist/58938?t:ac=484"],["addProductToShoppingList_19","forceAjax","/rayon.productgridorlist.productlist_1.thumbnailproduct_0.addproducttoshoppinglist/58939?t:ac=484"],["addProductToShoppingList_20","forceAjax","/rayon.productgridorlist.productlist_1.thumbnailproduct_0.addproducttoshoppinglist/58940?t:ac=484"],["addProductToShoppingList_21","forceAjax","/rayon.productgridorlist.productlist_1.thumbnailproduct_0.addproducttoshoppinglist/4134?t:ac=484"],["addProductToBasket_10","forceAjax","/rayon.productgridorlist.productlist_1.thumbnailproduct_0.addproducttobasket/51377?t:ac=484"],["addProductToShoppingList_22","forceAjax","/rayon.productgridorlist.productlist_1.thumbnailproduct_0.addproducttoshoppinglist/51377?t:ac=484"],["addProductToBasket_11","forceAjax","/rayon.productgridorlist.productlist_1.thumbnailproduct_0.addproducttobasket/37823?t:ac=484"],["addProductToShoppingList_23","forceAjax","/rayon.productgridorlist.productlist_1.thumbnailproduct_0.addproducttoshoppinglist/37823?t:ac=484"],["addProductToBasket_12","forceAjax","/rayon.productgridorlist.productlist_1.thumbnailproduct_0.addproducttobasket/42059?t:ac=484"],["addProductToShoppingList_24","forceAjax","/rayon.productgridorlist.productlist_1.thumbnailproduct_0.addproducttoshoppinglist/42059?t:ac=484"],["addProductToBasket_13","forceAjax","/rayon.productgridorlist.productlist_1.thumbnailproduct_0.addproducttobasket/33183?t:ac=484"],["addProductToShoppingList_25","forceAjax","/rayon.productgridorlist.productlist_1.thumbnailproduct_0.addproducttoshoppinglist/33183?t:ac=484"],["addProductToBasket_14","forceAjax","/rayon.productgridorlist.productlist_1.thumbnailproduct_0.addproducttobasket/33184?t:ac=484"],["addProductToShoppingList_26","forceAjax","/rayon.productgridorlist.productlist_1.thumbnailproduct_0.addproducttoshoppinglist/33184?t:ac=484"],["addProductToBasket_15","forceAjax","/rayon.productgridorlist.productlist_1.thumbnailproduct_0.addproducttobasket/33185?t:ac=484"],["addProductToShoppingList_27","forceAjax","/rayon.productgridorlist.productlist_1.thumbnailproduct_0.addproducttoshoppinglist/33185?t:ac=484"],["addProductToBasket_16","forceAjax","/rayon.productgridorlist.productlist_1.thumbnailproduct_0.addproducttobasket/72432?t:ac=484"],["addProductToShoppingList_28","forceAjax","/rayon.productgridorlist.productlist_1.thumbnailproduct_0.addproducttoshoppinglist/72432?t:ac=484"],["addProductToBasket_17","forceAjax","/rayon.productgridorlist.productlist_1.thumbnailproduct_0.addproducttobasket/72621?t:ac=484"],["addProductToShoppingList_29","forceAjax","/rayon.productgridorlist.productlist_1.thumbnailproduct_0.addproducttoshoppinglist/72621?t:ac=484"],["addProductToBasket_18","forceAjax","/rayon.productgridorlist.productlist_1.thumbnailproduct_0.addproducttobasket/1823?t:ac=484"],["addProductToShoppingList_30","forceAjax","/rayon.productgridorlist.productlist_1.thumbnailproduct_0.addproducttoshoppinglist/1823?t:ac=484"],["addProductToShoppingList_31","forceAjax","/rayon.productgridorlist.productlist_1.thumbnailproduct_0.addproducttoshoppinglist/22578?t:ac=484"],["addProductToShoppingList_32","forceAjax","/rayon.productgridorlist.productlist_1.thumbnailproduct_0.addproducttoshoppinglist/72336?t:ac=484"],["addProductToBasket_19","forceAjax","/rayon.productgridorlist.productlist_1.thumbnailproduct_0.addproducttobasket/1188?t:ac=484"],["addProductToShoppingList_33","forceAjax","/rayon.productgridorlist.productlist_1.thumbnailproduct_0.addproducttoshoppinglist/1188?t:ac=484"],["addProductToBasket_20","forceAjax","/rayon.productgridorlist.productlist_1.thumbnailproduct_0.addproducttobasket/1744?t:ac=484"],["addProductToShoppingList_34","forceAjax","/rayon.productgridorlist.productlist_1.thumbnailproduct_0.addproducttoshoppinglist/1744?t:ac=484"],["addProductToBasket_21","forceAjax","/rayon.productgridorlist.productlist_1.thumbnailproduct_0.addproducttobasket/37645?t:ac=484"],["addProductToShoppingList_35","forceAjax","/rayon.productgridorlist.productlist_1.thumbnailproduct_0.addproducttoshoppinglist/37645?t:ac=484"],["addProductToBasket_22","forceAjax","/rayon.productgridorlist.productlist_1.thumbnailproduct_0.addproducttobasket/37902?t:ac=484"],["addProductToShoppingList_36","forceAjax","/rayon.productgridorlist.productlist_1.thumbnailproduct_0.addproducttoshoppinglist/37902?t:ac=484"],["addProductToShoppingList_37","forceAjax","/rayon.productgridorlist.productlist_1.thumbnailproduct_0.addproducttoshoppinglist/37940?t:ac=484"],["addProductToBasket_23","forceAjax","/rayon.productgridorlist.productlist_1.thumbnailproduct_0.addproducttobasket/40499?t:ac=484"],["addProductToShoppingList_38","forceAjax","/rayon.productgridorlist.productlist_1.thumbnailproduct_0.addproducttoshoppinglist/40499?t:ac=484"],["addProductToBasket_24","forceAjax","/rayon.productgridorlist.productlist_1.thumbnailproduct_0.addproducttobasket/46596?t:ac=484"],["addProductToShoppingList_39","forceAjax","/rayon.productgridorlist.productlist_1.thumbnailproduct_0.addproducttoshoppinglist/46596?t:ac=484"],["addProductToBasket_25","forceAjax","/rayon.productgridorlist.productlist_1.thumbnailproduct_0.addproducttobasket/55576?t:ac=484"],["addProductToShoppingList_40","forceAjax","/rayon.productgridorlist.productlist_1.thumbnailproduct_0.addproducttoshoppinglist/55576?t:ac=484"],["addProductToBasket_26","forceAjax","/rayon.productgridorlist.productlist_1.thumbnailproduct_0.addproducttobasket/20529?t:ac=484"],["addProductToShoppingList_41","forceAjax","/rayon.productgridorlist.productlist_1.thumbnailproduct_0.addproducttoshoppinglist/20529?t:ac=484"],["addProductToBasket_27","forceAjax","/rayon.productgridorlist.productlist_1.thumbnailproduct_0.addproducttobasket/28152?t:ac=484"],["addProductToShoppingList_42","forceAjax","/rayon.productgridorlist.productlist_1.thumbnailproduct_0.addproducttoshoppinglist/28152?t:ac=484"],["addProductToBasket_28","forceAjax","/rayon.productgridorlist.productlist_1.thumbnailproduct_0.addproducttobasket/20530?t:ac=484"],["addProductToShoppingList_43","forceAjax","/rayon.productgridorlist.productlist_1.thumbnailproduct_0.addproducttoshoppinglist/20530?t:ac=484"],["addProductToBasket_29","forceAjax","/rayon.productgridorlist.productlist_1.thumbnailproduct_0.addproducttobasket/20531?t:ac=484"],["addProductToShoppingList_44","forceAjax","/rayon.productgridorlist.productlist_1.thumbnailproduct_0.addproducttoshoppinglist/20531?t:ac=484"],["addProductToBasket_30","forceAjax","/rayon.productgridorlist.productlist_1.thumbnailproduct_0.addproducttobasket/38954?t:ac=484"],["addProductToShoppingList_45","forceAjax","/rayon.productgridorlist.productlist_1.thumbnailproduct_0.addproducttoshoppinglist/38954?t:ac=484"],["addProductToBasket_31","forceAjax","/rayon.productgridorlist.productlist_1.thumbnailproduct_0.addproducttobasket/2732?t:ac=484"],["addProductToShoppingList_46","forceAjax","/rayon.productgridorlist.productlist_1.thumbnailproduct_0.addproducttoshoppinglist/2732?t:ac=484"],["addProductToBasket_32","forceAjax","/rayon.productgridorlist.productlist_1.thumbnailproduct_0.addproducttobasket/42699?t:ac=484"],["addProductToShoppingList_47","forceAjax","/rayon.productgridorlist.productlist_1.thumbnailproduct_0.addproducttoshoppinglist/42699?t:ac=484"],["addProductToBasket_33","forceAjax","/rayon.productgridorlist.productlist_1.thumbnailproduct_0.addproducttobasket/6456?t:ac=484"],["addProductToShoppingList_48","forceAjax","/rayon.productgridorlist.productlist_1.thumbnailproduct_0.addproducttoshoppinglist/6456?t:ac=484"],["addProductToShoppingList_49","forceAjax","/rayon.productgridorlist.productlist_1.thumbnailproduct_0.addproducttoshoppinglist/38266?t:ac=484"],["addProductToBasket_34","forceAjax","/rayon.productgridorlist.productlist_1.thumbnailproduct_0.addproducttobasket/26339?t:ac=484"],["addProductToShoppingList_50","forceAjax","/rayon.productgridorlist.productlist_1.thumbnailproduct_0.addproducttoshoppinglist/26339?t:ac=484"],["addProductToBasket_35","forceAjax","/rayon.productgridorlist.productlist_1.thumbnailproduct_0.addproducttobasket/58857?t:ac=484"],["addProductToShoppingList_51","forceAjax","/rayon.productgridorlist.productlist_1.thumbnailproduct_0.addproducttoshoppinglist/58857?t:ac=484"],["addProductToShoppingList_52","forceAjax","/rayon.productgridorlist.productlist_1.thumbnailproduct_0.addproducttoshoppinglist/41978?t:ac=484"],["addProductToBasket_36","forceAjax","/rayon.productgridorlist.productlist_1.thumbnailproduct_0.addproducttobasket/22950?t:ac=484"],["addProductToShoppingList_53","forceAjax","/rayon.productgridorlist.productlist_1.thumbnailproduct_0.addproducttoshoppinglist/22950?t:ac=484"],["addProductToBasket_37","forceAjax","/rayon.productgridorlist.productlist_1.thumbnailproduct_0.addproducttobasket/22951?t:ac=484"],["addProductToShoppingList_54","forceAjax","/rayon.productgridorlist.productlist_1.thumbnailproduct_0.addproducttoshoppinglist/22951?t:ac=484"],["addProductToBasket_38","forceAjax","/rayon.productgridorlist.productlist_1.thumbnailproduct_0.addproducttobasket/40649?t:ac=484"],["addProductToShoppingList_55","forceAjax","/rayon.productgridorlist.productlist_1.thumbnailproduct_0.addproducttoshoppinglist/40649?t:ac=484"],["addProductToBasket_39","forceAjax","/rayon.productgridorlist.productlist_1.thumbnailproduct_0.addproducttobasket/20914?t:ac=484"],["addProductToShoppingList_56","forceAjax","/rayon.productgridorlist.productlist_1.thumbnailproduct_0.addproducttoshoppinglist/20914?t:ac=484"],["addProductToShoppingList_57","forceAjax","/rayon.productgridorlist.productlist_1.thumbnailproduct_0.addproducttoshoppinglist/58792?t:ac=484"],["addProductToBasket_40","forceAjax","/rayon.productgridorlist.productlist_1.thumbnailproduct_0.addproducttobasket/43188?t:ac=484"],["addProductToShoppingList_58","forceAjax","/rayon.productgridorlist.productlist_1.thumbnailproduct_0.addproducttoshoppinglist/43188?t:ac=484"],["addProductToBasket_41","forceAjax","/rayon.productgridorlist.productlist_1.thumbnailproduct_0.addproducttobasket/72770?t:ac=484"],["addProductToShoppingList_59","forceAjax","/rayon.productgridorlist.productlist_1.thumbnailproduct_0.addproducttoshoppinglist/72770?t:ac=484"],["addProductToBasket_42","forceAjax","/rayon.productgridorlist.productlist_1.thumbnailproduct_0.addproducttobasket/60592?t:ac=484"],["addProductToShoppingList_60","forceAjax","/rayon.productgridorlist.productlist_1.thumbnailproduct_0.addproducttoshoppinglist/60592?t:ac=484"],["addProductToBasket_43","forceAjax","/rayon.productgridorlist.productlist_1.thumbnailproduct_0.addproducttobasket/24696?t:ac=484"],["addProductToShoppingList_61","forceAjax","/rayon.productgridorlist.productlist_1.thumbnailproduct_0.addproducttoshoppinglist/24696?t:ac=484"],["addProductToShoppingList_62","forceAjax","/rayon.productgridorlist.productlist_1.thumbnailproduct_0.addproducttoshoppinglist/42125?t:ac=484"],["addProductToBasket_44","forceAjax","/rayon.productgridorlist.productlist_1.thumbnailproduct_0.addproducttobasket/1189?t:ac=484"],["addProductToShoppingList_63","forceAjax","/rayon.productgridorlist.productlist_1.thumbnailproduct_0.addproducttoshoppinglist/1189?t:ac=484"],["addProductToBasket_45","forceAjax","/rayon.productgridorlist.productlist_1.thumbnailproduct_0.addproducttobasket/22574?t:ac=484"],["addProductToShoppingList_64","forceAjax","/rayon.productgridorlist.productlist_1.thumbnailproduct_0.addproducttoshoppinglist/22574?t:ac=484"],["addProductToBasket_46","forceAjax","/rayon.productgridorlist.productlist_1.thumbnailproduct_0.addproducttobasket/15145?t:ac=484"],["addProductToShoppingList_65","forceAjax","/rayon.productgridorlist.productlist_1.thumbnailproduct_0.addproducttoshoppinglist/15145?t:ac=484"],["addProductToBasket_47","forceAjax","/rayon.productgridorlist.productlist_1.thumbnailproduct_0.addproducttobasket/1190?t:ac=484"],["addProductToShoppingList_66","forceAjax","/rayon.productgridorlist.productlist_1.thumbnailproduct_0.addproducttoshoppinglist/1190?t:ac=484"],["addProductToBasket_48","forceAjax","/rayon.productgridorlist.productlist_1.thumbnailproduct_0.addproducttobasket/61003?t:ac=484"],["addProductToShoppingList_67","forceAjax","/rayon.productgridorlist.productlist_1.thumbnailproduct_0.addproducttoshoppinglist/61003?t:ac=484"],["addProductToBasket_49","forceAjax","/rayon.productgridorlist.productlist_1.thumbnailproduct_0.addproducttobasket/53868?t:ac=484"],["addProductToShoppingList_68","forceAjax","/rayon.productgridorlist.productlist_1.thumbnailproduct_0.addproducttoshoppinglist/53868?t:ac=484"],["addProductToBasket_50","forceAjax","/rayon.productgridorlist.productlist_1.thumbnailproduct_0.addproducttobasket/43900?t:ac=484"],["addProductToShoppingList_69","forceAjax","/rayon.productgridorlist.productlist_1.thumbnailproduct_0.addproducttoshoppinglist/43900?t:ac=484"],["addProductToBasket_51","forceAjax","/rayon.productgridorlist.productlist_1.thumbnailproduct_0.addproducttobasket/61002?t:ac=484"],["addProductToShoppingList_70","forceAjax","/rayon.productgridorlist.productlist_1.thumbnailproduct_0.addproducttoshoppinglist/61002?t:ac=484"],["addProductToBasket_52","forceAjax","/rayon.productgridorlist.productlist_1.thumbnailproduct_0.addproducttobasket/52231?t:ac=484"],["addProductToShoppingList_71","forceAjax","/rayon.productgridorlist.productlist_1.thumbnailproduct_0.addproducttoshoppinglist/52231?t:ac=484"],["addProductToBasket_53","forceAjax","/rayon.productgridorlist.productlist_1.thumbnailproduct_0.addproducttobasket/51879?t:ac=484"],["addProductToShoppingList_72","forceAjax","/rayon.productgridorlist.productlist_1.thumbnailproduct_0.addproducttoshoppinglist/51879?t:ac=484"],["addProductToBasket_54","forceAjax","/rayon.productgridorlist.productlist_1.thumbnailproduct_0.addproducttobasket/40655?t:ac=484"],["addProductToShoppingList_73","forceAjax","/rayon.productgridorlist.productlist_1.thumbnailproduct_0.addproducttoshoppinglist/40655?t:ac=484"],["addProductToBasket_55","forceAjax","/rayon.productgridorlist.productlist_1.thumbnailproduct_0.addproducttobasket/39292?t:ac=484"],["addProductToShoppingList_74","forceAjax","/rayon.productgridorlist.productlist_1.thumbnailproduct_0.addproducttoshoppinglist/39292?t:ac=484"],["addProductToShoppingList_75","forceAjax","/rayon.productgridorlist.productlist_1.thumbnailproduct_0.addproducttoshoppinglist/58618?t:ac=484"],["addProductToShoppingList_76","forceAjax","/rayon.productgridorlist.productlist_1.thumbnailproduct_0.addproducttoshoppinglist/58612?t:ac=484"],["addProductToShoppingList_77","forceAjax","/rayon.productgridorlist.productlist_1.thumbnailproduct_0.addproducttoshoppinglist/15049?t:ac=484"],["addProductToShoppingList_78","forceAjax","/rayon.productgridorlist.productlist_1.thumbnailproduct_0.addproducttoshoppinglist/44584?t:ac=484"],["addProductToBasket_56","forceAjax","/rayon.productgridorlist.productlist_1.thumbnailproduct_0.addproducttobasket/57507?t:ac=484"],["addProductToShoppingList_79","forceAjax","/rayon.productgridorlist.productlist_1.thumbnailproduct_0.addproducttoshoppinglist/57507?t:ac=484"],["addProductToBasket_57","forceAjax","/rayon.productgridorlist.productlist_1.thumbnailproduct_0.addproducttobasket/27504?t:ac=484"],["addProductToShoppingList_80","forceAjax","/rayon.productgridorlist.productlist_1.thumbnailproduct_0.addproducttoshoppinglist/27504?t:ac=484"],["addProductToBasket_58","forceAjax","/rayon.productgridorlist.productlist_1.thumbnailproduct_0.addproducttobasket/6707?t:ac=484"],["addProductToShoppingList_81","forceAjax","/rayon.productgridorlist.productlist_1.thumbnailproduct_0.addproducttoshoppinglist/6707?t:ac=484"],["addProductToBasket_59","forceAjax","/rayon.productgridorlist.productlist_1.thumbnailproduct_0.addproducttobasket/12006?t:ac=484"],["addProductToShoppingList_82","forceAjax","/rayon.productgridorlist.productlist_1.thumbnailproduct_0.addproducttoshoppinglist/12006?t:ac=484"],["addProductToShoppingList_83","forceAjax","/rayon.productgridorlist.productlist_1.thumbnailproduct_0.addproducttoshoppinglist/15004?t:ac=484"],["addProductToShoppingList_84","forceAjax","/rayon.productgridorlist.productlist_1.thumbnailproduct_0.addproducttoshoppinglist/15051?t:ac=484"],["addProductToShoppingList_85","forceAjax","/rayon.productgridorlist.productlist_1.thumbnailproduct_0.addproducttoshoppinglist/6708?t:ac=484"],["addProductToShoppingList_86","forceAjax","/rayon.productgridorlist.productlist_1.thumbnailproduct_0.addproducttoshoppinglist/4214?t:ac=484"],["addProductToShoppingList_87","forceAjax","/rayon.productgridorlist.productlist_1.thumbnailproduct_0.addproducttoshoppinglist/57510?t:ac=484"],["addProductToBasket_60","forceAjax","/rayon.productgridorlist.productlist_1.thumbnailproduct_0.addproducttobasket/57509?t:ac=484"],["addProductToShoppingList_88","forceAjax","/rayon.productgridorlist.productlist_1.thumbnailproduct_0.addproducttoshoppinglist/57509?t:ac=484"],["addProductToBasket_61","forceAjax","/rayon.productgridorlist.productlist_1.thumbnailproduct_0.addproducttobasket/40823?t:ac=484"],["addProductToShoppingList_89","forceAjax","/rayon.productgridorlist.productlist_1.thumbnailproduct_0.addproducttoshoppinglist/40823?t:ac=484"],["addProductToShoppingList_90","forceAjax","/rayon.productgridorlist.productlist_1.thumbnailproduct_0.addproducttoshoppinglist/20052?t:ac=484"],["addProductToBasket_62","forceAjax","/rayon.productgridorlist.productlist_1.thumbnailproduct_0.addproducttobasket/29098?t:ac=484"],["addProductToShoppingList_91","forceAjax","/rayon.productgridorlist.productlist_1.thumbnailproduct_0.addproducttoshoppinglist/29098?t:ac=484"],["addProductToBasket_63","forceAjax","/rayon.productgridorlist.productlist_1.thumbnailproduct_0.addproducttobasket/49539?t:ac=484"],["addProductToShoppingList_92","forceAjax","/rayon.productgridorlist.productlist_1.thumbnailproduct_0.addproducttoshoppinglist/49539?t:ac=484"],["addProductToBasket_64","forceAjax","/rayon.productgridorlist.productlist_1.thumbnailproduct_0.addproducttobasket/41034?t:ac=484"],["addProductToShoppingList_93","forceAjax","/rayon.productgridorlist.productlist_1.thumbnailproduct_0.addproducttoshoppinglist/41034?t:ac=484"],["addProductToBasket_65","forceAjax","/rayon.productgridorlist.productlist_1.thumbnailproduct_0.addproducttobasket/39694?t:ac=484"],["addProductToShoppingList_94","forceAjax","/rayon.productgridorlist.productlist_1.thumbnailproduct_0.addproducttoshoppinglist/39694?t:ac=484"],["addProductToBasket_66","forceAjax","/rayon.productgridorlist.productlist_1.thumbnailproduct_0.addproducttobasket/39695?t:ac=484"],["addProductToShoppingList_95","forceAjax","/rayon.productgridorlist.productlist_1.thumbnailproduct_0.addproducttoshoppinglist/39695?t:ac=484"],["addProductToBasket_67","forceAjax","/rayon.productgridorlist.productlist_1.thumbnailproduct_0.addproducttobasket/2182?t:ac=484"],["addProductToShoppingList_96","forceAjax","/rayon.productgridorlist.productlist_1.thumbnailproduct_0.addproducttoshoppinglist/2182?t:ac=484"],["addProductToBasket_68","forceAjax","/rayon.productgridorlist.productlist_1.thumbnailproduct_0.addproducttobasket/39936?t:ac=484"],["addProductToShoppingList_97","forceAjax","/rayon.productgridorlist.productlist_1.thumbnailproduct_0.addproducttoshoppinglist/39936?t:ac=484"],["addProductToBasket_69","forceAjax","/rayon.productgridorlist.productlist_1.thumbnailproduct_0.addproducttobasket/41033?t:ac=484"],["addProductToShoppingList_98","forceAjax","/rayon.productgridorlist.productlist_1.thumbnailproduct_0.addproducttoshoppinglist/41033?t:ac=484"],["addProductToShoppingList_99","forceAjax","/rayon.productgridorlist.productlist_1.thumbnailproduct_0.addproducttoshoppinglist/47631?t:ac=484"],["addProductToBasket_70","forceAjax","/rayon.productgridorlist.productlist_1.thumbnailproduct_0.addproducttobasket/39696?t:ac=484"],["addProductToShoppingList_100","forceAjax","/rayon.productgridorlist.productlist_1.thumbnailproduct_0.addproducttoshoppinglist/39696?t:ac=484"],["addProductToBasket_71","forceAjax","/rayon.productgridorlist.productlist_1.thumbnailproduct_0.addproducttobasket/39640?t:ac=484"],["addProductToShoppingList_101","forceAjax","/rayon.productgridorlist.productlist_1.thumbnailproduct_0.addproducttoshoppinglist/39640?t:ac=484"],["addProductToBasket_72","forceAjax","/rayon.productgridorlist.productlist_1.thumbnailproduct_0.addproducttobasket/39937?t:ac=484"],["addProductToShoppingList_102","forceAjax","/rayon.productgridorlist.productlist_1.thumbnailproduct_0.addproducttoshoppinglist/39937?t:ac=484"],["addProductToBasket_73","forceAjax","/rayon.productgridorlist.productlist_1.thumbnailproduct_0.addproducttobasket/39697?t:ac=484"],["addProductToShoppingList_103","forceAjax","/rayon.productgridorlist.productlist_1.thumbnailproduct_0.addproducttoshoppinglist/39697?t:ac=484"],["addProductToShoppingList_104","forceAjax","/rayon.productgridorlist.productlist_1.thumbnailproduct_0.addproducttoshoppinglist/41540?t:ac=484"],["addProductToBasket_74","forceAjax","/rayon.productgridorlist.productlist_1.thumbnailproduct_0.addproducttobasket/2107?t:ac=484"],["addProductToShoppingList_105","forceAjax","/rayon.productgridorlist.productlist_1.thumbnailproduct_0.addproducttoshoppinglist/2107?t:ac=484"],["addProductToBasket_75","forceAjax","/rayon.productgridorlist.productlist_1.thumbnailproduct_0.addproducttobasket/1200?t:ac=484"],["addProductToShoppingList_106","forceAjax","/rayon.productgridorlist.productlist_1.thumbnailproduct_0.addproducttoshoppinglist/1200?t:ac=484"],["addProductToShoppingList_107","forceAjax","/rayon.productgridorlist.productlist_1.thumbnailproduct_0.addproducttoshoppinglist/58911?t:ac=484"],["addProductToShoppingList_108","forceAjax","/rayon.productgridorlist.productlist_1.thumbnailproduct_0.addproducttoshoppinglist/37928?t:ac=484"],["addProductToBasket_76","forceAjax","/rayon.productgridorlist.productlist_1.thumbnailproduct_0.addproducttobasket/37589?t:ac=484"],["addProductToShoppingList_109","forceAjax","/rayon.productgridorlist.productlist_1.thumbnailproduct_0.addproducttoshoppinglist/37589?t:ac=484"],["addProductToBasket_77","forceAjax","/rayon.productgridorlist.productlist_1.thumbnailproduct_0.addproducttobasket/37590?t:ac=484"],["addProductToShoppingList_110","forceAjax","/rayon.productgridorlist.productlist_1.thumbnailproduct_0.addproducttoshoppinglist/37590?t:ac=484"],["addProductToBasket_78","forceAjax","/rayon.productgridorlist.productlist_1.thumbnailproduct_0.addproducttobasket/2311?t:ac=484"],["addProductToShoppingList_111","forceAjax","/rayon.productgridorlist.productlist_1.thumbnailproduct_0.addproducttoshoppinglist/2311?t:ac=484"],["addProductToShoppingList_112","forceAjax","/rayon.productgridorlist.productlist_1.thumbnailproduct_0.addproducttoshoppinglist/6746?t:ac=484"],["addProductToShoppingList_113","forceAjax","/rayon.productgridorlist.productlist_1.thumbnailproduct_0.addproducttoshoppinglist/42195?t:ac=484"],["addProductToBasket_79","forceAjax","/rayon.productgridorlist.productlist_1.thumbnailproduct_0.addproducttobasket/2310?t:ac=484"],["addProductToShoppingList_114","forceAjax","/rayon.productgridorlist.productlist_1.thumbnailproduct_0.addproducttoshoppinglist/2310?t:ac=484"],["addProductToShoppingList_115","forceAjax","/rayon.productgridorlist.productlist_1.thumbnailproduct_0.addproducttoshoppinglist/1541?t:ac=484"],["addProductToShoppingList_116","forceAjax","/rayon.productgridorlist.productlist_1.thumbnailproduct_0.addproducttoshoppinglist/58079?t:ac=484"],["addProductToBasket_80","forceAjax","/rayon.productgridorlist.productlist_1.thumbnailproduct_0.addproducttobasket/1221?t:ac=484"],["addProductToShoppingList_117","forceAjax","/rayon.productgridorlist.productlist_1.thumbnailproduct_0.addproducttoshoppinglist/1221?t:ac=484"],["addProductToShoppingList_118","forceAjax","/rayon.productgridorlist.productlist_1.thumbnailproduct_0.addproducttoshoppinglist/58941?t:ac=484"],["addProductToShoppingList_119","forceAjax","/rayon.productgridorlist.productlist_1.thumbnailproduct_0.addproducttoshoppinglist/4140?t:ac=484"],["addProductToShoppingList_120","forceAjax","/rayon.productgridorlist.productlist_1.thumbnailproduct_0.addproducttoshoppinglist/4130?t:ac=484"],["addProductToShoppingList_121","forceAjax","/rayon.productgridorlist.productlist_1.thumbnailproduct_0.addproducttoshoppinglist/6745?t:ac=484"],["addProductToShoppingList_122","forceAjax","/rayon.productgridorlist.productlist_1.thumbnailproduct_0.addproducttoshoppinglist/34421?t:ac=484"],["addProductToBasket_81","forceAjax","/rayon.productgridorlist.productlist_1.thumbnailproduct_0.addproducttobasket/1548?t:ac=484"],["addProductToShoppingList_123","forceAjax","/rayon.productgridorlist.productlist_1.thumbnailproduct_0.addproducttoshoppinglist/1548?t:ac=484"],["addProductToBasket_82","forceAjax","/rayon.productgridorlist.productlist_1.thumbnailproduct_0.addproducttobasket/1338?t:ac=484"],["addProductToShoppingList_124","forceAjax","/rayon.productgridorlist.productlist_1.thumbnailproduct_0.addproducttoshoppinglist/1338?t:ac=484"],["addProductToBasket_83","forceAjax","/rayon.productgridorlist.productlist_1.thumbnailproduct_0.addproducttobasket/38162?t:ac=484"],["addProductToShoppingList_125","forceAjax","/rayon.productgridorlist.productlist_1.thumbnailproduct_0.addproducttoshoppinglist/38162?t:ac=484"],["addProductToBasket_84","forceAjax","/rayon.productgridorlist.productlist_1.thumbnailproduct_0.addproducttobasket/33720?t:ac=484"],["addProductToShoppingList_126","forceAjax","/rayon.productgridorlist.productlist_1.thumbnailproduct_0.addproducttoshoppinglist/33720?t:ac=484"],["addProductToBasket_85","forceAjax","/rayon.productgridorlist.productlist_1.thumbnailproduct_0.addproducttobasket/31915?t:ac=484"],["addProductToShoppingList_127","forceAjax","/rayon.productgridorlist.productlist_1.thumbnailproduct_0.addproducttoshoppinglist/31915?t:ac=484"],["addProductToBasket_86","forceAjax","/rayon.productgridorlist.productlist_1.thumbnailproduct_0.addproducttobasket/2309?t:ac=484"],["addProductToShoppingList_128","forceAjax","/rayon.productgridorlist.productlist_1.thumbnailproduct_0.addproducttoshoppinglist/2309?t:ac=484"],["addProductToShoppingList_129","forceAjax","/rayon.productgridorlist.productlist_1.thumbnailproduct_0.addproducttoshoppinglist/56736?t:ac=484"],["addProductToBasket_87","forceAjax","/rayon.productgridorlist.productlist_1.thumbnailproduct_0.addproducttobasket/31572?t:ac=484"],["addProductToShoppingList_130","forceAjax","/rayon.productgridorlist.productlist_1.thumbnailproduct_0.addproducttoshoppinglist/31572?t:ac=484"],["addProductToBasket_88","forceAjax","/rayon.productgridorlist.productlist_1.thumbnailproduct_0.addproducttobasket/40656?t:ac=484"],["addProductToShoppingList_131","forceAjax","/rayon.productgridorlist.productlist_1.thumbnailproduct_0.addproducttoshoppinglist/40656?t:ac=484"],["addProductToBasket_89","forceAjax","/rayon.productgridorlist.productlist_1.thumbnailproduct_0.addproducttobasket/42422?t:ac=484"],["addProductToShoppingList_132","forceAjax","/rayon.productgridorlist.productlist_1.thumbnailproduct_0.addproducttoshoppinglist/42422?t:ac=484"],["addProductToBasket_90","forceAjax","/rayon.productgridorlist.productlist_1.thumbnailproduct_0.addproducttobasket/27913?t:ac=484"],["addProductToShoppingList_133","forceAjax","/rayon.productgridorlist.productlist_1.thumbnailproduct_0.addproducttoshoppinglist/27913?t:ac=484"],["addProductToBasket_91","forceAjax","/rayon.productgridorlist.productlist_1.thumbnailproduct_0.addproducttobasket/43895?t:ac=484"],["addProductToShoppingList_134","forceAjax","/rayon.productgridorlist.productlist_1.thumbnailproduct_0.addproducttoshoppinglist/43895?t:ac=484"],["addProductToShoppingList_135","forceAjax","/rayon.productgridorlist.productlist_1.thumbnailproduct_0.addproducttoshoppinglist/1807?t:ac=484"],["addProductToBasket_92","forceAjax","/rayon.productgridorlist.productlist_1.thumbnailproduct_0.addproducttobasket/1223?t:ac=484"],["addProductToShoppingList_136","forceAjax","/rayon.productgridorlist.productlist_1.thumbnailproduct_0.addproducttoshoppinglist/1223?t:ac=484"],["addProductToBasket_93","forceAjax","/rayon.productgridorlist.productlist_1.thumbnailproduct_0.addproducttobasket/37508?t:ac=484"],["addProductToShoppingList_137","forceAjax","/rayon.productgridorlist.productlist_1.thumbnailproduct_0.addproducttoshoppinglist/37508?t:ac=484"],["addProductToBasket_94","forceAjax","/rayon.productgridorlist.productlist_1.thumbnailproduct_0.addproducttobasket/6878?t:ac=484"],["addProductToShoppingList_138","forceAjax","/rayon.productgridorlist.productlist_1.thumbnailproduct_0.addproducttoshoppinglist/6878?t:ac=484"],["addProductToShoppingList_139","forceAjax","/rayon.productgridorlist.productlist_1.thumbnailproduct_0.addproducttoshoppinglist/52108?t:ac=484"],["addProductToShoppingList_140","forceAjax","/rayon.productgridorlist.productlist_1.thumbnailproduct_0.addproducttoshoppinglist/52106?t:ac=484"],["addProductToShoppingList_141","forceAjax","/rayon.productgridorlist.productlist_1.thumbnailproduct_0.addproducttoshoppinglist/4723?t:ac=484"],["addProductToBasket_95","forceAjax","/rayon.productgridorlist.productlist_1.thumbnailproduct_0.addproducttobasket/31448?t:ac=484"],["addProductToShoppingList_142","forceAjax","/rayon.productgridorlist.productlist_1.thumbnailproduct_0.addproducttoshoppinglist/31448?t:ac=484"],["addProductToShoppingList_143","forceAjax","/rayon.productgridorlist.productlist_1.thumbnailproduct_0.addproducttoshoppinglist/36338?t:ac=484"],["addProductToBasket_96","forceAjax","/rayon.productgridorlist.productlist_1.thumbnailproduct_0.addproducttobasket/57990?t:ac=484"],["addProductToShoppingList_144","forceAjax","/rayon.productgridorlist.productlist_1.thumbnailproduct_0.addproducttoshoppinglist/57990?t:ac=484"],["addProductToBasket_97","forceAjax","/rayon.productgridorlist.productlist_1.thumbnailproduct_0.addproducttobasket/35671?t:ac=484"],["addProductToShoppingList_145","forceAjax","/rayon.productgridorlist.productlist_1.thumbnailproduct_0.addproducttoshoppinglist/35671?t:ac=484"],["addProductToBasket_98","forceAjax","/rayon.productgridorlist.productlist_1.thumbnailproduct_0.addproducttobasket/35674?t:ac=484"],["addProductToShoppingList_146","forceAjax","/rayon.productgridorlist.productlist_1.thumbnailproduct_0.addproducttoshoppinglist/35674?t:ac=484"],["addProductToBasket_99","forceAjax","/rayon.productgridorlist.productlist_1.thumbnailproduct_0.addproducttobasket/77988?t:ac=484"],["addProductToShoppingList_147","forceAjax","/rayon.productgridorlist.productlist_1.thumbnailproduct_0.addproducttoshoppinglist/77988?t:ac=484"],["addProductToShoppingList_148","forceAjax","/rayon.productgridorlist.productlist_1.thumbnailproduct_0.addproducttoshoppinglist/72642?t:ac=484"],["addProductToBasket_100","forceAjax","/rayon.productgridorlist.productlist_1.thumbnailproduct_0.addproducttobasket/35047?t:ac=484"],["addProductToShoppingList_149","forceAjax","/rayon.productgridorlist.productlist_1.thumbnailproduct_0.addproducttoshoppinglist/35047?t:ac=484"],["addProductToShoppingList_150","forceAjax","/rayon.productgridorlist.productlist_1.thumbnailproduct_0.addproducttoshoppinglist/35046?t:ac=484"],["addProductToBasket_101","forceAjax","/rayon.productgridorlist.productlist_1.thumbnailproduct_0.addproducttobasket/37432?t:ac=484"],["addProductToShoppingList_151","forceAjax","/rayon.productgridorlist.productlist_1.thumbnailproduct_0.addproducttoshoppinglist/37432?t:ac=484"],["addProductToShoppingList_152","forceAjax","/rayon.productgridorlist.productlist_1.thumbnailproduct_0.addproducttoshoppinglist/37431?t:ac=484"],["addProductToShoppingList_153","forceAjax","/rayon.productgridorlist.productlist_1.thumbnailproduct_0.addproducttoshoppinglist/45484?t:ac=484"],["addProductToBasket_102","forceAjax","/rayon.productgridorlist.productlist_1.thumbnailproduct_0.addproducttobasket/53842?t:ac=484"],["addProductToShoppingList_154","forceAjax","/rayon.productgridorlist.productlist_1.thumbnailproduct_0.addproducttoshoppinglist/53842?t:ac=484"],["addProductToShoppingList_155","forceAjax","/rayon.productgridorlist.productlist_1.thumbnailproduct_0.addproducttoshoppinglist/47740?t:ac=484"],["addProductToBasket_103","forceAjax","/rayon.productgridorlist.productlist_1.thumbnailproduct_0.addproducttobasket/53840?t:ac=484"],["addProductToShoppingList_156","forceAjax","/rayon.productgridorlist.productlist_1.thumbnailproduct_0.addproducttoshoppinglist/53840?t:ac=484"],["addProductToShoppingList_157","forceAjax","/rayon.productgridorlist.productlist_1.thumbnailproduct_0.addproducttoshoppinglist/60476?t:ac=484"],["addProductToBasket_104","forceAjax","/rayon.productgridorlist.productlist_1.thumbnailproduct_0.addproducttobasket/77985?t:ac=484"],["addProductToShoppingList_158","forceAjax","/rayon.productgridorlist.productlist_1.thumbnailproduct_0.addproducttoshoppinglist/77985?t:ac=484"],["addProductToBasket_105","forceAjax","/rayon.productgridorlist.productlist_1.thumbnailproduct_0.addproducttobasket/77984?t:ac=484"],["addProductToShoppingList_159","forceAjax","/rayon.productgridorlist.productlist_1.thumbnailproduct_0.addproducttoshoppinglist/77984?t:ac=484"],["addProductToBasket_106","forceAjax","/rayon.productgridorlist.productlist_1.thumbnailproduct_0.addproducttobasket/78011?t:ac=484"],["addProductToShoppingList_160","forceAjax","/rayon.productgridorlist.productlist_1.thumbnailproduct_0.addproducttoshoppinglist/78011?t:ac=484"],["addProductToShoppingList_161","forceAjax","/rayon.productgridorlist.productlist_1.thumbnailproduct_0.addproducttoshoppinglist/58937?t:ac=484"],["addProductToShoppingList_162","forceAjax","/rayon.productgridorlist.productlist_1.thumbnailproduct_0.addproducttoshoppinglist/58936?t:ac=484"],["addProductToBasket_107","forceAjax","/rayon.productgridorlist.productlist_1.thumbnailproduct_0.addproducttobasket/53844?t:ac=484"],["addProductToShoppingList_163","forceAjax","/rayon.productgridorlist.productlist_1.thumbnailproduct_0.addproducttoshoppinglist/53844?t:ac=484"],["addProductToBasket_108","forceAjax","/rayon.productgridorlist.productlist_1.thumbnailproduct_0.addproducttobasket/45920?t:ac=484"],["addProductToShoppingList_164","forceAjax","/rayon.productgridorlist.productlist_1.thumbnailproduct_0.addproducttoshoppinglist/45920?t:ac=484"],["addProductToBasket_109","forceAjax","/rayon.productgridorlist.productlist_1.thumbnailproduct_0.addproducttobasket/31210?t:ac=484"],["addProductToShoppingList_165","forceAjax","/rayon.productgridorlist.productlist_1.thumbnailproduct_0.addproducttoshoppinglist/31210?t:ac=484"],["addProductToBasket_110","forceAjax","/rayon.productgridorlist.productlist_1.thumbnailproduct_0.addproducttobasket/58931?t:ac=484"],["addProductToShoppingList_166","forceAjax","/rayon.productgridorlist.productlist_1.thumbnailproduct_0.addproducttoshoppinglist/58931?t:ac=484"],["addProductToShoppingList_167","forceAjax","/rayon.productgridorlist.productlist_1.thumbnailproduct_0.addproducttoshoppinglist/31311?t:ac=484"],["addProductToShoppingList_168","forceAjax","/rayon.productgridorlist.productlist_1.thumbnailproduct_0.addproducttoshoppinglist/34919?t:ac=484"],["addProductToBasket_111","forceAjax","/rayon.productgridorlist.productlist_1.thumbnailproduct_0.addproducttobasket/60936?t:ac=484"],["addProductToShoppingList_169","forceAjax","/rayon.productgridorlist.productlist_1.thumbnailproduct_0.addproducttoshoppinglist/60936?t:ac=484"],["addProductToBasket_112","forceAjax","/rayon.productgridorlist.productlist_1.thumbnailproduct_0.addproducttobasket/52450?t:ac=484"],["addProductToShoppingList_170","forceAjax","/rayon.productgridorlist.productlist_1.thumbnailproduct_0.addproducttoshoppinglist/52450?t:ac=484"],["addProductToBasket_113","forceAjax","/rayon.productgridorlist.productlist_1.thumbnailproduct_0.addproducttobasket/35023?t:ac=484"],["addProductToShoppingList_171","forceAjax","/rayon.productgridorlist.productlist_1.thumbnailproduct_0.addproducttoshoppinglist/35023?t:ac=484"],["addProductToShoppingList_172","forceAjax","/rayon.productgridorlist.productlist_1.thumbnailproduct_0.addproducttoshoppinglist/35024?t:ac=484"],["addProductToShoppingList_173","forceAjax","/rayon.productgridorlist.productlist_1.thumbnailproduct_0.addproducttoshoppinglist/59680?t:ac=484"],["addProductToBasket_114","forceAjax","/rayon.productgridorlist.productlist_1.thumbnailproduct_0.addproducttobasket/59679?t:ac=484"],["addProductToShoppingList_174","forceAjax","/rayon.productgridorlist.productlist_1.thumbnailproduct_0.addproducttoshoppinglist/59679?t:ac=484"],["addProductToBasket_115","forceAjax","/rayon.productgridorlist.productlist_1.thumbnailproduct_0.addproducttobasket/60056?t:ac=484"],["addProductToShoppingList_175","forceAjax","/rayon.productgridorlist.productlist_1.thumbnailproduct_0.addproducttoshoppinglist/60056?t:ac=484"],["addProductToBasket_116","forceAjax","/rayon.productgridorlist.productlist_1.thumbnailproduct_0.addproducttobasket/61217?t:ac=484"],["addProductToShoppingList_176","forceAjax","/rayon.productgridorlist.productlist_1.thumbnailproduct_0.addproducttoshoppinglist/61217?t:ac=484"],["addProductToBasket_117","forceAjax","/rayon.productgridorlist.productlist_1.thumbnailproduct_0.addproducttobasket/60367?t:ac=484"],["addProductToShoppingList_177","forceAjax","/rayon.productgridorlist.productlist_1.thumbnailproduct_0.addproducttoshoppinglist/60367?t:ac=484"],["addProductToBasket_118","forceAjax","/rayon.productgridorlist.productlist_1.thumbnailproduct_0.addproducttobasket/40904?t:ac=484"],["addProductToShoppingList_178","forceAjax","/rayon.productgridorlist.productlist_1.thumbnailproduct_0.addproducttoshoppinglist/40904?t:ac=484"],["addProductToBasket_119","forceAjax","/rayon.productgridorlist.productlist_1.thumbnailproduct_0.addproducttobasket/12725?t:ac=484"],["addProductToShoppingList_179","forceAjax","/rayon.productgridorlist.productlist_1.thumbnailproduct_0.addproducttoshoppinglist/12725?t:ac=484"],["addProductToBasket_120","forceAjax","/rayon.productgridorlist.productlist_1.thumbnailproduct_0.addproducttobasket/100537?t:ac=484"],["addProductToShoppingList_180","forceAjax","/rayon.productgridorlist.productlist_1.thumbnailproduct_0.addproducttoshoppinglist/100537?t:ac=484"],["addProductToShoppingList_181","forceAjax","/rayon.productgridorlist.productlist_1.thumbnailproduct_0.addproducttoshoppinglist/38094?t:ac=484"],["addProductToBasket_121","forceAjax","/rayon.productgridorlist.productlist_1.thumbnailproduct_0.addproducttobasket/60753?t:ac=484"],["addProductToShoppingList_182","forceAjax","/rayon.productgridorlist.productlist_1.thumbnailproduct_0.addproducttoshoppinglist/60753?t:ac=484"],["addProductToBasket_122","forceAjax","/rayon.productgridorlist.productlist_1.thumbnailproduct_0.addproducttobasket/54140?t:ac=484"],["addProductToShoppingList_183","forceAjax","/rayon.productgridorlist.productlist_1.thumbnailproduct_0.addproducttoshoppinglist/54140?t:ac=484"],["addProductToBasket_123","forceAjax","/rayon.productgridorlist.productlist_1.thumbnailproduct_0.addproducttobasket/11994?t:ac=484"],["addProductToShoppingList_184","forceAjax","/rayon.productgridorlist.productlist_1.thumbnailproduct_0.addproducttoshoppinglist/11994?t:ac=484"],["addProductToBasket_124","forceAjax","/rayon.productgridorlist.productlist_1.thumbnailproduct_0.addproducttobasket/76595?t:ac=484"],["addProductToShoppingList_185","forceAjax","/rayon.productgridorlist.productlist_1.thumbnailproduct_0.addproducttoshoppinglist/76595?t:ac=484"],["addProductToBasket_125","forceAjax","/rayon.productgridorlist.productlist_1.thumbnailproduct_0.addproducttobasket/1295?t:ac=484"],["addProductToShoppingList_186","forceAjax","/rayon.productgridorlist.productlist_1.thumbnailproduct_0.addproducttoshoppinglist/1295?t:ac=484"],["addProductToBasket_126","forceAjax","/rayon.productgridorlist.productlist_1.thumbnailproduct_0.addproducttobasket/47571?t:ac=484"],["addProductToShoppingList_187","forceAjax","/rayon.productgridorlist.productlist_1.thumbnailproduct_0.addproducttoshoppinglist/47571?t:ac=484"],["addProductToShoppingList_188","forceAjax","/rayon.productgridorlist.productlist_1.thumbnailproduct_0.addproducttoshoppinglist/38876?t:ac=484"],["addProductToBasket_127","forceAjax","/rayon.productgridorlist.productlist_1.thumbnailproduct_0.addproducttobasket/73725?t:ac=484"],["addProductToShoppingList_189","forceAjax","/rayon.productgridorlist.productlist_1.thumbnailproduct_0.addproducttoshoppinglist/73725?t:ac=484"],["addProductToShoppingList_190","forceAjax","/rayon.productgridorlist.productlist_1.thumbnailproduct_0.addproducttoshoppinglist/50247?t:ac=484"],["addProductToBasket_128","forceAjax","/rayon.productgridorlist.productlist_1.thumbnailproduct_0.addproducttobasket/2089?t:ac=484"],["addProductToShoppingList_191","forceAjax","/rayon.productgridorlist.productlist_1.thumbnailproduct_0.addproducttoshoppinglist/2089?t:ac=484"],["addProductToBasket_129","forceAjax","/rayon.productgridorlist.productlist_1.thumbnailproduct_0.addproducttobasket/1301?t:ac=484"],["addProductToShoppingList_192","forceAjax","/rayon.productgridorlist.productlist_1.thumbnailproduct_0.addproducttoshoppinglist/1301?t:ac=484"],["addProductToBasket_130","forceAjax","/rayon.productgridorlist.productlist_1.thumbnailproduct_0.addproducttobasket/1300?t:ac=484"],["addProductToShoppingList_193","forceAjax","/rayon.productgridorlist.productlist_1.thumbnailproduct_0.addproducttoshoppinglist/1300?t:ac=484"],["addProductToShoppingList_194","forceAjax","/rayon.productgridorlist.productlist_1.thumbnailproduct_0.addproducttoshoppinglist/38417?t:ac=484"],["addProductToShoppingList_195","forceAjax","/rayon.productgridorlist.productlist_1.thumbnailproduct_0.addproducttoshoppinglist/26485?t:ac=484"],["addProductToShoppingList_196","forceAjax","/rayon.productgridorlist.productlist_1.thumbnailproduct_0.addproducttoshoppinglist/8163?t:ac=484"],["addProductToBasket_131","forceAjax","/rayon.productgridorlist.productlist_1.thumbnailproduct_0.addproducttobasket/1299?t:ac=484"],["addProductToShoppingList_197","forceAjax","/rayon.productgridorlist.productlist_1.thumbnailproduct_0.addproducttoshoppinglist/1299?t:ac=484"],["addProductToBasket_132","forceAjax","/rayon.productgridorlist.productlist_1.thumbnailproduct_0.addproducttobasket/13865?t:ac=484"],["addProductToShoppingList_198","forceAjax","/rayon.productgridorlist.productlist_1.thumbnailproduct_0.addproducttoshoppinglist/13865?t:ac=484"],["addProductToShoppingList_199","forceAjax","/rayon.productgridorlist.productlist_1.thumbnailproduct_0.addproducttoshoppinglist/2636?t:ac=484"],["addProductToBasket_133","forceAjax","/rayon.productgridorlist.productlist_1.thumbnailproduct_0.addproducttobasket/7454?t:ac=484"],["addProductToShoppingList_200","forceAjax","/rayon.productgridorlist.productlist_1.thumbnailproduct_0.addproducttoshoppinglist/7454?t:ac=484"],["addProductToBasket_134","forceAjax","/rayon.productgridorlist.productlist_1.thumbnailproduct_0.addproducttobasket/100235?t:ac=484"],["addProductToShoppingList_201","forceAjax","/rayon.productgridorlist.productlist_1.thumbnailproduct_0.addproducttoshoppinglist/100235?t:ac=484"],["addProductToBasket_135","forceAjax","/rayon.productgridorlist.productlist_1.thumbnailproduct_0.addproducttobasket/100639?t:ac=484"],["addProductToShoppingList_202","forceAjax","/rayon.productgridorlist.productlist_1.thumbnailproduct_0.addproducttoshoppinglist/100639?t:ac=484"],["addProductToBasket_136","forceAjax","/rayon.productgridorlist.productlist_1.thumbnailproduct_0.addproducttobasket/100641?t:ac=484"],["addProductToShoppingList_203","forceAjax","/rayon.productgridorlist.productlist_1.thumbnailproduct_0.addproducttoshoppinglist/100641?t:ac=484"],["addProductToShoppingList_204","forceAjax","/rayon.productgridorlist.productlist_1.thumbnailproduct_0.addproducttoshoppinglist/100766?t:ac=484"],["addProductToBasket_137","forceAjax","/rayon.productgridorlist.productlist_1.thumbnailproduct_0.addproducttobasket/100344?t:ac=484"],["addProductToShoppingList_205","forceAjax","/rayon.productgridorlist.productlist_1.thumbnailproduct_0.addproducttoshoppinglist/100344?t:ac=484"],["addProductToBasket_138","forceAjax","/rayon.productgridorlist.productlist_1.thumbnailproduct_0.addproducttobasket/39308?t:ac=484"],["addProductToShoppingList_206","forceAjax","/rayon.productgridorlist.productlist_1.thumbnailproduct_0.addproducttoshoppinglist/39308?t:ac=484"],["addProductToBasket_139","forceAjax","/rayon.productgridorlist.productlist_1.thumbnailproduct_0.addproducttobasket/100640?t:ac=484"],["addProductToShoppingList_207","forceAjax","/rayon.productgridorlist.productlist_1.thumbnailproduct_0.addproducttoshoppinglist/100640?t:ac=484"],["addProductToShoppingList_208","forceAjax","/rayon.productgridorlist.productlist_1.thumbnailproduct_0.addproducttoshoppinglist/1974?t:ac=484"],["addProductToBasket_140","forceAjax","/rayon.productgridorlist.productlist_1.thumbnailproduct_0.addproducttobasket/100642?t:ac=484"],["addProductToShoppingList_209","forceAjax","/rayon.productgridorlist.productlist_1.thumbnailproduct_0.addproducttoshoppinglist/100642?t:ac=484"],["addProductToBasket_141","forceAjax","/rayon.productgridorlist.productlist_1.thumbnailproduct_0.addproducttobasket/60043?t:ac=484"],["addProductToShoppingList_210","forceAjax","/rayon.productgridorlist.productlist_1.thumbnailproduct_0.addproducttoshoppinglist/60043?t:ac=484"],["addProductToBasket_142","forceAjax","/rayon.productgridorlist.productlist_1.thumbnailproduct_0.addproducttobasket/1975?t:ac=484"],["addProductToShoppingList_211","forceAjax","/rayon.productgridorlist.productlist_1.thumbnailproduct_0.addproducttoshoppinglist/1975?t:ac=484"],["addProductToBasket_143","forceAjax","/rayon.productgridorlist.productlist_1.thumbnailproduct_0.addproducttobasket/4676?t:ac=484"],["addProductToShoppingList_212","forceAjax","/rayon.productgridorlist.productlist_1.thumbnailproduct_0.addproducttoshoppinglist/4676?t:ac=484"],["addProductToBasket_144","forceAjax","/rayon.productgridorlist.productlist_1.thumbnailproduct_0.addproducttobasket/6466?t:ac=484"],["addProductToShoppingList_213","forceAjax","/rayon.productgridorlist.productlist_1.thumbnailproduct_0.addproducttoshoppinglist/6466?t:ac=484"],["addProductToBasket_145","forceAjax","/rayon.productgridorlist.productlist_1.thumbnailproduct_0.addproducttobasket/1976?t:ac=484"],["addProductToShoppingList_214","forceAjax","/rayon.productgridorlist.productlist_1.thumbnailproduct_0.addproducttoshoppinglist/1976?t:ac=484"],["addProductToShoppingList_215","forceAjax","/rayon.productgridorlist.productlist_1.thumbnailproduct_0.addproducttoshoppinglist/100976?t:ac=484"],["addProductToShoppingList_216","forceAjax","/rayon.productgridorlist.productlist_1.thumbnailproduct_0.addproducttoshoppinglist/59901?t:ac=484"],["addProductToShoppingList_217","forceAjax","/rayon.productgridorlist.productlist_1.thumbnailproduct_0.addproducttoshoppinglist/12106?t:ac=484"],["addProductToBasket_146","forceAjax","/rayon.productgridorlist.productlist_1.thumbnailproduct_0.addproducttobasket/4728?t:ac=484"],["addProductToShoppingList_218","forceAjax","/rayon.productgridorlist.productlist_1.thumbnailproduct_0.addproducttoshoppinglist/4728?t:ac=484"],["addProductToBasket_147","forceAjax","/rayon.productgridorlist.productlist_1.thumbnailproduct_0.addproducttobasket/4726?t:ac=484"],["addProductToShoppingList_219","forceAjax","/rayon.productgridorlist.productlist_1.thumbnailproduct_0.addproducttoshoppinglist/4726?t:ac=484"],["addProductToBasket_148","forceAjax","/rayon.productgridorlist.productlist_1.thumbnailproduct_0.addproducttobasket/109661?t:ac=484"],["addProductToShoppingList_220","forceAjax","/rayon.productgridorlist.productlist_1.thumbnailproduct_0.addproducttoshoppinglist/109661?t:ac=484"],["addProductToBasket_149","forceAjax","/rayon.productgridorlist.productlist_1.thumbnailproduct_0.addproducttobasket/3601?t:ac=484"],["addProductToShoppingList_221","forceAjax","/rayon.productgridorlist.productlist_1.thumbnailproduct_0.addproducttoshoppinglist/3601?t:ac=484"],["addProductToShoppingList_222","forceAjax","/rayon.productgridorlist.productlist_1.thumbnailproduct_0.addproducttoshoppinglist/3600?t:ac=484"],["addProductToBasket_150","forceAjax","/rayon.productgridorlist.productlist_1.thumbnailproduct_0.addproducttobasket/3602?t:ac=484"],["addProductToShoppingList_223","forceAjax","/rayon.productgridorlist.productlist_1.thumbnailproduct_0.addproducttoshoppinglist/3602?t:ac=484"],["addProductToBasket_151","forceAjax","/rayon.productgridorlist.productlist_1.thumbnailproduct_0.addproducttobasket/48087?t:ac=484"],["addProductToShoppingList_224","forceAjax","/rayon.productgridorlist.productlist_1.thumbnailproduct_0.addproducttoshoppinglist/48087?t:ac=484"],["addProductToShoppingList_225","forceAjax","/rayon.productgridorlist.productlist_1.thumbnailproduct_0.addproducttoshoppinglist/47555?t:ac=484"],["addProductToBasket_152","forceAjax","/rayon.productgridorlist.productlist_1.thumbnailproduct_0.addproducttobasket/100862?t:ac=484"],["addProductToShoppingList_226","forceAjax","/rayon.productgridorlist.productlist_1.thumbnailproduct_0.addproducttoshoppinglist/100862?t:ac=484"],["addProductToBasket_153","forceAjax","/rayon.productgridorlist.productlist_1.thumbnailproduct_0.addproducttobasket/96293?t:ac=484"],["addProductToShoppingList_227","forceAjax","/rayon.productgridorlist.productlist_1.thumbnailproduct_0.addproducttoshoppinglist/96293?t:ac=484"],["addProductToShoppingList_228","forceAjax","/rayon.productgridorlist.productlist_1.thumbnailproduct_0.addproducttoshoppinglist/47235?t:ac=484"],["addProductToBasket_154","forceAjax","/rayon.productgridorlist.productlist_1.thumbnailproduct_0.addproducttobasket/47756?t:ac=484"],["addProductToShoppingList_229","forceAjax","/rayon.productgridorlist.productlist_1.thumbnailproduct_0.addproducttoshoppinglist/47756?t:ac=484"],["addProductToBasket_155","forceAjax","/rayon.productgridorlist.productlist_1.thumbnailproduct_0.addproducttobasket/47149?t:ac=484"],["addProductToShoppingList_230","forceAjax","/rayon.productgridorlist.productlist_1.thumbnailproduct_0.addproducttoshoppinglist/47149?t:ac=484"],["addProductToBasket_156","forceAjax","/rayon.productgridorlist.productlist_1.thumbnailproduct_0.addproducttobasket/31547?t:ac=484"],["addProductToShoppingList_231","forceAjax","/rayon.productgridorlist.productlist_1.thumbnailproduct_0.addproducttoshoppinglist/31547?t:ac=484"],["addProductToBasket_157","forceAjax","/rayon.productgridorlist.productlist_1.thumbnailproduct_0.addproducttobasket/76613?t:ac=484"],["addProductToShoppingList_232","forceAjax","/rayon.productgridorlist.productlist_1.thumbnailproduct_0.addproducttoshoppinglist/76613?t:ac=484"],["addProductToShoppingList_233","forceAjax","/rayon.productgridorlist.productlist_1.thumbnailproduct_0.addproducttoshoppinglist/60375?t:ac=484"],["addProductToBasket_158","forceAjax","/rayon.productgridorlist.productlist_1.thumbnailproduct_0.addproducttobasket/60492?t:ac=484"],["addProductToShoppingList_234","forceAjax","/rayon.productgridorlist.productlist_1.thumbnailproduct_0.addproducttoshoppinglist/60492?t:ac=484"],["addProductToBasket_159","forceAjax","/rayon.productgridorlist.productlist_1.thumbnailproduct_0.addproducttobasket/7698?t:ac=484"],["addProductToShoppingList_235","forceAjax","/rayon.productgridorlist.productlist_1.thumbnailproduct_0.addproducttoshoppinglist/7698?t:ac=484"],["addProductToBasket_160","forceAjax","/rayon.productgridorlist.productlist_1.thumbnailproduct_0.addproducttobasket/96292?t:ac=484"],["addProductToShoppingList_236","forceAjax","/rayon.productgridorlist.productlist_1.thumbnailproduct_0.addproducttoshoppinglist/96292?t:ac=484"],["addProductToBasket_161","forceAjax","/rayon.productgridorlist.productlist_1.thumbnailproduct_0.addproducttobasket/96294?t:ac=484"],["addProductToShoppingList_237","forceAjax","/rayon.productgridorlist.productlist_1.thumbnailproduct_0.addproducttoshoppinglist/96294?t:ac=484"],["addProductToShoppingList_238","forceAjax","/rayon.productgridorlist.productlist_1.thumbnailproduct_0.addproducttoshoppinglist/96304?t:ac=484"],["addProductToBasket_162","forceAjax","/rayon.productgridorlist.productlist_1.thumbnailproduct_0.addproducttobasket/55669?t:ac=484"],["addProductToShoppingList_239","forceAjax","/rayon.productgridorlist.productlist_1.thumbnailproduct_0.addproducttoshoppinglist/55669?t:ac=484"],["addProductToShoppingList_240","forceAjax","/rayon.productgridorlist.productlist_1.thumbnailproduct_0.addproducttoshoppinglist/100439?t:ac=484"],["addProductToShoppingList_241","forceAjax","/rayon.productgridorlist.productlist_1.thumbnailproduct_0.addproducttoshoppinglist/100637?t:ac=484"],["addProductToBasket_163","forceAjax","/rayon.productgridorlist.productlist_1.thumbnailproduct_0.addproducttobasket/100797?t:ac=484"],["addProductToShoppingList_242","forceAjax","/rayon.productgridorlist.productlist_1.thumbnailproduct_0.addproducttoshoppinglist/100797?t:ac=484"],["addProductToBasket_164","forceAjax","/rayon.productgridorlist.productlist_1.thumbnailproduct_0.addproducttobasket/43150?t:ac=484"],["addProductToShoppingList_243","forceAjax","/rayon.productgridorlist.productlist_1.thumbnailproduct_0.addproducttoshoppinglist/43150?t:ac=484"],["addProductToBasket_165","forceAjax","/rayon.productgridorlist.productlist_1.thumbnailproduct_0.addproducttobasket/4754?t:ac=484"],["addProductToShoppingList_244","forceAjax","/rayon.productgridorlist.productlist_1.thumbnailproduct_0.addproducttoshoppinglist/4754?t:ac=484"],["addProductToBasket_166","forceAjax","/rayon.productgridorlist.productlist_1.thumbnailproduct_0.addproducttobasket/1286?t:ac=484"],["addProductToShoppingList_245","forceAjax","/rayon.productgridorlist.productlist_1.thumbnailproduct_0.addproducttoshoppinglist/1286?t:ac=484"],["addProductToBasket_167","forceAjax","/rayon.productgridorlist.productlist_1.thumbnailproduct_0.addproducttobasket/100543?t:ac=484"],["addProductToShoppingList_246","forceAjax","/rayon.productgridorlist.productlist_1.thumbnailproduct_0.addproducttoshoppinglist/100543?t:ac=484"],["addProductToBasket_168","forceAjax","/rayon.productgridorlist.productlist_1.thumbnailproduct_0.addproducttobasket/100544?t:ac=484"],["addProductToShoppingList_247","forceAjax","/rayon.productgridorlist.productlist_1.thumbnailproduct_0.addproducttoshoppinglist/100544?t:ac=484"],["addProductToBasket_169","forceAjax","/rayon.productgridorlist.productlist_1.thumbnailproduct_0.addproducttobasket/100620?t:ac=484"],["addProductToShoppingList_248","forceAjax","/rayon.productgridorlist.productlist_1.thumbnailproduct_0.addproducttoshoppinglist/100620?t:ac=484"],["addProductToBasket_170","forceAjax","/rayon.productgridorlist.productlist_1.thumbnailproduct_0.addproducttobasket/100621?t:ac=484"],["addProductToShoppingList_249","forceAjax","/rayon.productgridorlist.productlist_1.thumbnailproduct_0.addproducttoshoppinglist/100621?t:ac=484"],["addProductToBasket_171","forceAjax","/rayon.productgridorlist.productlist_1.thumbnailproduct_0.addproducttobasket/LV0000000749?t:ac=484"],["addProductToShoppingList_250","forceAjax","/rayon.productgridorlist.productlist_1.thumbnailproduct_0.addproducttoshoppinglist/LV0000000749?t:ac=484"],["addProductToBasket_172","forceAjax","/rayon.productgridorlist.productlist_1.thumbnailproduct_0.addproducttobasket/79323?t:ac=484"],["addProductToShoppingList_251","forceAjax","/rayon.productgridorlist.productlist_1.thumbnailproduct_0.addproducttoshoppinglist/79323?t:ac=484"],["addProductToBasket_173","forceAjax","/rayon.productgridorlist.productlist_1.thumbnailproduct_0.addproducttobasket/51213?t:ac=484"],["addProductToShoppingList_252","forceAjax","/rayon.productgridorlist.productlist_1.thumbnailproduct_0.addproducttoshoppinglist/51213?t:ac=484"],["addProductToBasket_174","forceAjax","/rayon.productgridorlist.productlist_1.thumbnailproduct_0.addproducttobasket/61545?t:ac=484"],["addProductToShoppingList_253","forceAjax","/rayon.productgridorlist.productlist_1.thumbnailproduct_0.addproducttoshoppinglist/61545?t:ac=484"],["addProductToBasket_175","forceAjax","/rayon.productgridorlist.productlist_1.thumbnailproduct_0.addproducttobasket/61548?t:ac=484"],["addProductToShoppingList_254","forceAjax","/rayon.productgridorlist.productlist_1.thumbnailproduct_0.addproducttoshoppinglist/61548?t:ac=484"],["addProductToBasket_176","forceAjax","/rayon.productgridorlist.productlist_1.thumbnailproduct_0.addproducttobasket/61611?t:ac=484"],["addProductToShoppingList_255","forceAjax","/rayon.productgridorlist.productlist_1.thumbnailproduct_0.addproducttoshoppinglist/61611?t:ac=484"],["addProductToBasket_177","forceAjax","/rayon.productgridorlist.productlist_1.thumbnailproduct_0.addproducttobasket/14118?t:ac=484"],["addProductToShoppingList_256","forceAjax","/rayon.productgridorlist.productlist_1.thumbnailproduct_0.addproducttoshoppinglist/14118?t:ac=484"],["addProductToBasket_178","forceAjax","/rayon.productgridorlist.productlist_1.thumbnailproduct_0.addproducttobasket/28701?t:ac=484"],["addProductToShoppingList_257","forceAjax","/rayon.productgridorlist.productlist_1.thumbnailproduct_0.addproducttoshoppinglist/28701?t:ac=484"],["addProductToShoppingList_258","forceAjax","/rayon.productgridorlist.productlist_1.thumbnailproduct_0.addproducttoshoppinglist/41189?t:ac=484"],["addProductToBasket_179","forceAjax","/rayon.productgridorlist.productlist_1.thumbnailproduct_0.addproducttobasket/43347?t:ac=484"],["addProductToShoppingList_259","forceAjax","/rayon.productgridorlist.productlist_1.thumbnailproduct_0.addproducttoshoppinglist/43347?t:ac=484"],["addProductToShoppingList_260","forceAjax","/rayon.productgridorlist.productlist_1.thumbnailproduct_0.addproducttoshoppinglist/97544?t:ac=484"],["addProductToShoppingList_261","forceAjax","/rayon.productgridorlist.productlist_1.thumbnailproduct_0.addproducttoshoppinglist/97545?t:ac=484"],["addProductToShoppingList_262","forceAjax","/rayon.productgridorlist.productlist_1.thumbnailproduct_0.addproducttoshoppinglist/97552?t:ac=484"],["addProductToBasket_180","forceAjax","/rayon.productgridorlist.productlist_1.thumbnailproduct_0.addproducttobasket/97553?t:ac=484"],["addProductToShoppingList_263","forceAjax","/rayon.productgridorlist.productlist_1.thumbnailproduct_0.addproducttoshoppinglist/97553?t:ac=484"],["addProductToBasket_181","forceAjax","/rayon.productgridorlist.productlist_1.thumbnailproduct_0.addproducttobasket/55433?t:ac=484"],["addProductToShoppingList_264","forceAjax","/rayon.productgridorlist.productlist_1.thumbnailproduct_0.addproducttoshoppinglist/55433?t:ac=484"],["addProductToBasket_182","forceAjax","/rayon.productgridorlist.productlist_1.thumbnailproduct_0.addproducttobasket/96723?t:ac=484"],["addProductToShoppingList_265","forceAjax","/rayon.productgridorlist.productlist_1.thumbnailproduct_0.addproducttoshoppinglist/96723?t:ac=484"],["addProductToBasket_183","forceAjax","/rayon.productgridorlist.productlist_1.thumbnailproduct_0.addproducttobasket/96726?t:ac=484"],["addProductToShoppingList_266","forceAjax","/rayon.productgridorlist.productlist_1.thumbnailproduct_0.addproducttoshoppinglist/96726?t:ac=484"],["addProductToBasket_184","forceAjax","/rayon.productgridorlist.productlist_1.thumbnailproduct_0.addproducttobasket/40338?t:ac=484"],["addProductToShoppingList_267","forceAjax","/rayon.productgridorlist.productlist_1.thumbnailproduct_0.addproducttoshoppinglist/40338?t:ac=484"],["addProductToShoppingList_268","forceAjax","/rayon.productgridorlist.productlist_1.thumbnailproduct_0.addproducttoshoppinglist/23687?t:ac=484"],["addProductToBasket_185","forceAjax","/rayon.productgridorlist.productlist_1.thumbnailproduct_0.addproducttobasket/55397?t:ac=484"],["addProductToShoppingList_269","forceAjax","/rayon.productgridorlist.productlist_1.thumbnailproduct_0.addproducttoshoppinglist/55397?t:ac=484"],["addProductToBasket_186","forceAjax","/rayon.productgridorlist.productlist_1.thumbnailproduct_0.addproducttobasket/3090?t:ac=484"],["addProductToShoppingList_270","forceAjax","/rayon.productgridorlist.productlist_1.thumbnailproduct_0.addproducttoshoppinglist/3090?t:ac=484"],["addProductToShoppingList_271","forceAjax","/rayon.productgridorlist.productlist_1.thumbnailproduct_0.addproducttoshoppinglist/101016?t:ac=484"],["addProductToShoppingList_272","forceAjax","/rayon.productgridorlist.productlist_1.thumbnailproduct_0.addproducttoshoppinglist/100798?t:ac=484"],["addProductToShoppingList_273","forceAjax","/rayon.productgridorlist.productlist_1.thumbnailproduct_0.addproducttoshoppinglist/100868?t:ac=484"],["addProductToBasket_187","forceAjax","/rayon.productgridorlist.productlist_1.thumbnailproduct_0.addproducttobasket/41294?t:ac=484"],["addProductToShoppingList_274","forceAjax","/rayon.productgridorlist.productlist_1.thumbnailproduct_0.addproducttoshoppinglist/41294?t:ac=484"],["addProductToBasket_188","forceAjax","/rayon.productgridorlist.productlist_1.thumbnailproduct_0.addproducttobasket/100861?t:ac=484"],["addProductToShoppingList_275","forceAjax","/rayon.productgridorlist.productlist_1.thumbnailproduct_0.addproducttoshoppinglist/100861?t:ac=484"],["addProductToBasket_189","forceAjax","/rayon.productgridorlist.productlist_1.thumbnailproduct_0.addproducttobasket/33759?t:ac=484"],["addProductToShoppingList_276","forceAjax","/rayon.productgridorlist.productlist_1.thumbnailproduct_0.addproducttoshoppinglist/33759?t:ac=484"],["addProductToBasket_190","forceAjax","/rayon.productgridorlist.productlist_1.thumbnailproduct_0.addproducttobasket/33760?t:ac=484"],["addProductToShoppingList_277","forceAjax","/rayon.productgridorlist.productlist_1.thumbnailproduct_0.addproducttoshoppinglist/33760?t:ac=484"],["addProductToShoppingList_278","forceAjax","/rayon.productgridorlist.productlist_1.thumbnailproduct_0.addproducttoshoppinglist/56660?t:ac=484"],["addProductToBasket_191","forceAjax","/rayon.productgridorlist.productlist_1.thumbnailproduct_0.addproducttobasket/38617?t:ac=484"],["addProductToShoppingList_279","forceAjax","/rayon.productgridorlist.productlist_1.thumbnailproduct_0.addproducttoshoppinglist/38617?t:ac=484"],["addProductToShoppingList_280","forceAjax","/rayon.productgridorlist.productlist_1.thumbnailproduct_0.addproducttoshoppinglist/58620?t:ac=484"],["addProductToShoppingList_281","forceAjax","/rayon.productgridorlist.productlist_1.thumbnailproduct_0.addproducttoshoppinglist/16568?t:ac=484"],["addProductToShoppingList_282","forceAjax","/rayon.productgridorlist.productlist_1.thumbnailproduct_0.addproducttoshoppinglist/6712?t:ac=484"],["addProductToShoppingList_283","forceAjax","/rayon.productgridorlist.productlist_1.thumbnailproduct_0.addproducttoshoppinglist/58622?t:ac=484"],["addProductToShoppingList_284","forceAjax","/rayon.productgridorlist.productlist_1.thumbnailproduct_0.addproducttoshoppinglist/12127?t:ac=484"],["addProductToShoppingList_285","forceAjax","/rayon.productgridorlist.productlist_1.thumbnailproduct_0.addproducttoshoppinglist/41088?t:ac=484"],["addProductToBasket_192","forceAjax","/rayon.productgridorlist.productlist_1.thumbnailproduct_0.addproducttobasket/58613?t:ac=484"],["addProductToShoppingList_286","forceAjax","/rayon.productgridorlist.productlist_1.thumbnailproduct_0.addproducttoshoppinglist/58613?t:ac=484"],["addProductToBasket_193","forceAjax","/rayon.productgridorlist.productlist_1.thumbnailproduct_0.addproducttobasket/38973?t:ac=484"],["addProductToShoppingList_287","forceAjax","/rayon.productgridorlist.productlist_1.thumbnailproduct_0.addproducttoshoppinglist/38973?t:ac=484"],["addProductToBasket_194","forceAjax","/rayon.productgridorlist.productlist_1.thumbnailproduct_0.addproducttobasket/46418?t:ac=484"],["addProductToShoppingList_288","forceAjax","/rayon.productgridorlist.productlist_1.thumbnailproduct_0.addproducttoshoppinglist/46418?t:ac=484"],["addProductToBasket_195","forceAjax","/rayon.productgridorlist.productlist_1.thumbnailproduct_0.addproducttobasket/6709?t:ac=484"],["addProductToShoppingList_289","forceAjax","/rayon.productgridorlist.productlist_1.thumbnailproduct_0.addproducttoshoppinglist/6709?t:ac=484"],["addProductToBasket_196","forceAjax","/rayon.productgridorlist.productlist_1.thumbnailproduct_0.addproducttobasket/100042?t:ac=484"],["addProductToShoppingList_290","forceAjax","/rayon.productgridorlist.productlist_1.thumbnailproduct_0.addproducttoshoppinglist/100042?t:ac=484"],["addProductToBasket_197","forceAjax","/rayon.productgridorlist.productlist_1.thumbnailproduct_0.addproducttobasket/56122?t:ac=484"],["addProductToShoppingList_291","forceAjax","/rayon.productgridorlist.productlist_1.thumbnailproduct_0.addproducttoshoppinglist/56122?t:ac=484"],["addProductToBasket_198","forceAjax","/rayon.productgridorlist.productlist_1.thumbnailproduct_0.addproducttobasket/37572?t:ac=484"],["addProductToShoppingList_292","forceAjax","/rayon.productgridorlist.productlist_1.thumbnailproduct_0.addproducttoshoppinglist/37572?t:ac=484"],["addProductToShoppingList_293","forceAjax","/rayon.productgridorlist.productlist_1.thumbnailproduct_0.addproducttoshoppinglist/35675?t:ac=484"],["addProductToBasket_199","forceAjax","/rayon.productgridorlist.productlist_1.thumbnailproduct_0.addproducttobasket/4661?t:ac=484"],["addProductToShoppingList_294","forceAjax","/rayon.productgridorlist.productlist_1.thumbnailproduct_0.addproducttoshoppinglist/4661?t:ac=484"],["addProductToBasket_200","forceAjax","/rayon.productgridorlist.productlist_1.thumbnailproduct_0.addproducttobasket/100043?t:ac=484"],["addProductToShoppingList_295","forceAjax","/rayon.productgridorlist.productlist_1.thumbnailproduct_0.addproducttoshoppinglist/100043?t:ac=484"],["addProductToBasket_201","forceAjax","/rayon.productgridorlist.productlist_1.thumbnailproduct_0.addproducttobasket/101072?t:ac=484"],["addProductToShoppingList_296","forceAjax","/rayon.productgridorlist.productlist_1.thumbnailproduct_0.addproducttoshoppinglist/101072?t:ac=484"],["addProductToBasket_202","forceAjax","/rayon.productgridorlist.productlist_1.thumbnailproduct_0.addproducttobasket/37867?t:ac=484"],["addProductToShoppingList_297","forceAjax","/rayon.productgridorlist.productlist_1.thumbnailproduct_0.addproducttoshoppinglist/37867?t:ac=484"],["addProductToShoppingList_298","forceAjax","/rayon.productgridorlist.productlist_1.thumbnailproduct_0.addproducttoshoppinglist/28144?t:ac=484"],["addProductToBasket_203","forceAjax","/rayon.productgridorlist.productlist_1.thumbnailproduct_0.addproducttobasket/100046?t:ac=484"],["addProductToShoppingList_299","forceAjax","/rayon.productgridorlist.productlist_1.thumbnailproduct_0.addproducttoshoppinglist/100046?t:ac=484"],["addProductToShoppingList_300","forceAjax","/rayon.productgridorlist.productlist_1.thumbnailproduct_0.addproducttoshoppinglist/61860?t:ac=484"],["addProductToBasket_204","forceAjax","/rayon.productgridorlist.productlist_1.thumbnailproduct_0.addproducttobasket/61861?t:ac=484"],["addProductToShoppingList_301","forceAjax","/rayon.productgridorlist.productlist_1.thumbnailproduct_0.addproducttoshoppinglist/61861?t:ac=484"],["addProductToShoppingList_302","forceAjax","/rayon.productgridorlist.productlist_1.thumbnailproduct_0.addproducttoshoppinglist/57980?t:ac=484"],["addProductToShoppingList_303","forceAjax","/rayon.productgridorlist.productlist_1.thumbnailproduct_0.addproducttoshoppinglist/49135?t:ac=484"],["addProductToShoppingList_304","forceAjax","/rayon.productgridorlist.productlist_1.thumbnailproduct_0.addproducttoshoppinglist/49136?t:ac=484"],["addProductToShoppingList_305","forceAjax","/rayon.productgridorlist.productlist_1.thumbnailproduct_0.addproducttoshoppinglist/49137?t:ac=484"],["addProductToShoppingList_306","forceAjax","/rayon.productgridorlist.productlist_1.thumbnailproduct_0.addproducttoshoppinglist/58506?t:ac=484"],["addProductToShoppingList_307","forceAjax","/rayon.productgridorlist.productlist_1.thumbnailproduct_0.addproducttoshoppinglist/58507?t:ac=484"],["addProductToShoppingList_308","forceAjax","/rayon.productgridorlist.productlist_1.thumbnailproduct_0.addproducttoshoppinglist/100017?t:ac=484"],["addProductToShoppingList_309","forceAjax","/rayon.productgridorlist.productlist_1.thumbnailproduct_0.addproducttoshoppinglist/100018?t:ac=484"],["addProductToShoppingList_310","forceAjax","/rayon.productgridorlist.productlist_1.thumbnailproduct_0.addproducttoshoppinglist/100019?t:ac=484"],["addProductToBasket_205","forceAjax","/rayon.productgridorlist.productlist_1.thumbnailproduct_0.addproducttobasket/100363?t:ac=484"],["addProductToShoppingList_311","forceAjax","/rayon.productgridorlist.productlist_1.thumbnailproduct_0.addproducttoshoppinglist/100363?t:ac=484"],["addProductToShoppingList_312","forceAjax","/rayon.productgridorlist.productlist_1.thumbnailproduct_0.addproducttoshoppinglist/41593?t:ac=484"],["addProductToBasket_206","forceAjax","/rayon.productgridorlist.productlist_1.thumbnailproduct_0.addproducttobasket/27506?t:ac=484"],["addProductToShoppingList_313","forceAjax","/rayon.productgridorlist.productlist_1.thumbnailproduct_0.addproducttoshoppinglist/27506?t:ac=484"],["addProductToShoppingList_314","forceAjax","/rayon.productgridorlist.productlist_1.thumbnailproduct_0.addproducttoshoppinglist/43239?t:ac=484"],["addProductToBasket_207","forceAjax","/rayon.productgridorlist.productlist_1.thumbnailproduct_0.addproducttobasket/51527?t:ac=484"],["addProductToShoppingList_315","forceAjax","/rayon.productgridorlist.productlist_1.thumbnailproduct_0.addproducttoshoppinglist/51527?t:ac=484"],["addProductToBasket_208","forceAjax","/rayon.productgridorlist.productlist_1.thumbnailproduct_0.addproducttobasket/57863?t:ac=484"],["addProductToShoppingList_316","forceAjax","/rayon.productgridorlist.productlist_1.thumbnailproduct_0.addproducttoshoppinglist/57863?t:ac=484"],["addProductToShoppingList_317","forceAjax","/rayon.productgridorlist.productlist_1.thumbnailproduct_0.addproducttoshoppinglist/57865?t:ac=484"],["addProductToBasket_209","forceAjax","/rayon.productgridorlist.productlist_1.thumbnailproduct_0.addproducttobasket/25607?t:ac=484"],["addProductToShoppingList_318","forceAjax","/rayon.productgridorlist.productlist_1.thumbnailproduct_0.addproducttoshoppinglist/25607?t:ac=484"],["addProductToBasket_210","forceAjax","/rayon.productgridorlist.productlist_1.thumbnailproduct_0.addproducttobasket/54124?t:ac=484"],["addProductToShoppingList_319","forceAjax","/rayon.productgridorlist.productlist_1.thumbnailproduct_0.addproducttoshoppinglist/54124?t:ac=484"],["addProductToShoppingList_320","forceAjax","/rayon.productgridorlist.productlist_1.thumbnailproduct_0.addproducttoshoppinglist/46409?t:ac=484"],["addProductToBasket_211","forceAjax","/rayon.productgridorlist.productlist_1.thumbnailproduct_0.addproducttobasket/38612?t:ac=484"],["addProductToShoppingList_321","forceAjax","/rayon.productgridorlist.productlist_1.thumbnailproduct_0.addproducttoshoppinglist/38612?t:ac=484"],["addProductToBasket_212","forceAjax","/rayon.productgridorlist.productlist_1.thumbnailproduct_0.addproducttobasket/54125?t:ac=484"],["addProductToShoppingList_322","forceAjax","/rayon.productgridorlist.productlist_1.thumbnailproduct_0.addproducttoshoppinglist/54125?t:ac=484"],["addProductToShoppingList_323","forceAjax","/rayon.productgridorlist.productlist_1.thumbnailproduct_0.addproducttoshoppinglist/106857?t:ac=484"],["addProductToBasket_213","forceAjax","/rayon.productgridorlist.productlist_1.thumbnailproduct_0.addproducttobasket/58860?t:ac=484"],["addProductToShoppingList_324","forceAjax","/rayon.productgridorlist.productlist_1.thumbnailproduct_0.addproducttoshoppinglist/58860?t:ac=484"],["addProductToBasket_214","forceAjax","/rayon.productgridorlist.productlist_1.thumbnailproduct_0.addproducttobasket/72760?t:ac=484"],["addProductToShoppingList_325","forceAjax","/rayon.productgridorlist.productlist_1.thumbnailproduct_0.addproducttoshoppinglist/72760?t:ac=484"],["addProductToShoppingList_326","forceAjax","/rayon.productgridorlist.productlist_1.thumbnailproduct_0.addproducttoshoppinglist/101042?t:ac=484"],["addProductToBasket_215","forceAjax","/rayon.productgridorlist.productlist_1.thumbnailproduct_0.addproducttobasket/56878?t:ac=484"],["addProductToShoppingList_327","forceAjax","/rayon.productgridorlist.productlist_1.thumbnailproduct_0.addproducttoshoppinglist/56878?t:ac=484"],["addProductToShoppingList_328","forceAjax","/rayon.productgridorlist.productlist_1.thumbnailproduct_0.addproducttoshoppinglist/17932?t:ac=484"],["addProductToShoppingList_329","forceAjax","/rayon.productgridorlist.productlist_1.thumbnailproduct_0.addproducttoshoppinglist/1393?t:ac=484"],["addProductToBasket_216","forceAjax","/rayon.productgridorlist.productlist_1.thumbnailproduct_0.addproducttobasket/100390?t:ac=484"],["addProductToShoppingList_330","forceAjax","/rayon.productgridorlist.productlist_1.thumbnailproduct_0.addproducttoshoppinglist/100390?t:ac=484"],["addProductToBasket_217","forceAjax","/rayon.productgridorlist.productlist_1.thumbnailproduct_0.addproducttobasket/18504?t:ac=484"],["addProductToShoppingList_331","forceAjax","/rayon.productgridorlist.productlist_1.thumbnailproduct_0.addproducttoshoppinglist/18504?t:ac=484"],["addProductToBasket_218","forceAjax","/rayon.productgridorlist.productlist_1.thumbnailproduct_0.addproducttobasket/5087?t:ac=484"],["addProductToShoppingList_332","forceAjax","/rayon.productgridorlist.productlist_1.thumbnailproduct_0.addproducttoshoppinglist/5087?t:ac=484"],["addProductToBasket_219","forceAjax","/rayon.productgridorlist.productlist_1.thumbnailproduct_0.addproducttobasket/100299?t:ac=484"],["addProductToShoppingList_333","forceAjax","/rayon.productgridorlist.productlist_1.thumbnailproduct_0.addproducttoshoppinglist/100299?t:ac=484"],["addProductToBasket_220","forceAjax","/rayon.productgridorlist.productlist_1.thumbnailproduct_0.addproducttobasket/61846?t:ac=484"],["addProductToShoppingList_334","forceAjax","/rayon.productgridorlist.productlist_1.thumbnailproduct_0.addproducttoshoppinglist/61846?t:ac=484"],["addProductToBasket_221","forceAjax","/rayon.productgridorlist.productlist_1.thumbnailproduct_0.addproducttobasket/89843?t:ac=484"],["addProductToShoppingList_335","forceAjax","/rayon.productgridorlist.productlist_1.thumbnailproduct_0.addproducttoshoppinglist/89843?t:ac=484"],["addProductToBasket_222","forceAjax","/rayon.productgridorlist.productlist_1.thumbnailproduct_0.addproducttobasket/89167?t:ac=484"],["addProductToShoppingList_336","forceAjax","/rayon.productgridorlist.productlist_1.thumbnailproduct_0.addproducttoshoppinglist/89167?t:ac=484"],["addProductToBasket_223","forceAjax","/rayon.productgridorlist.productlist_1.thumbnailproduct_0.addproducttobasket/95999?t:ac=484"],["addProductToShoppingList_337","forceAjax","/rayon.productgridorlist.productlist_1.thumbnailproduct_0.addproducttoshoppinglist/95999?t:ac=484"],["addProductToBasket_224","forceAjax","/rayon.productgridorlist.productlist_1.thumbnailproduct_0.addproducttobasket/96000?t:ac=484"],["addProductToShoppingList_338","forceAjax","/rayon.productgridorlist.productlist_1.thumbnailproduct_0.addproducttoshoppinglist/96000?t:ac=484"],["addProductToBasket_225","forceAjax","/rayon.productgridorlist.productlist_1.thumbnailproduct_0.addproducttobasket/96001?t:ac=484"],["addProductToShoppingList_339","forceAjax","/rayon.productgridorlist.productlist_1.thumbnailproduct_0.addproducttoshoppinglist/96001?t:ac=484"],["addProductToShoppingList_340","forceAjax","/rayon.productgridorlist.productlist_1.thumbnailproduct_0.addproducttoshoppinglist/59778?t:ac=484"],["addProductToBasket_226","forceAjax","/rayon.productgridorlist.productlist_1.thumbnailproduct_0.addproducttobasket/39755?t:ac=484"],["addProductToShoppingList_341","forceAjax","/rayon.productgridorlist.productlist_1.thumbnailproduct_0.addproducttoshoppinglist/39755?t:ac=484"],["addProductToShoppingList_342","forceAjax","/rayon.productgridorlist.productlist_1.thumbnailproduct_0.addproducttoshoppinglist/13346?t:ac=484"],["addProductToBasket_227","forceAjax","/rayon.productgridorlist.productlist_1.thumbnailproduct_0.addproducttobasket/103075?t:ac=484"],["addProductToShoppingList_343","forceAjax","/rayon.productgridorlist.productlist_1.thumbnailproduct_0.addproducttoshoppinglist/103075?t:ac=484"],["addProductToBasket_228","forceAjax","/rayon.productgridorlist.productlist_1.thumbnailproduct_0.addproducttobasket/100109?t:ac=484"],["addProductToShoppingList_344","forceAjax","/rayon.productgridorlist.productlist_1.thumbnailproduct_0.addproducttoshoppinglist/100109?t:ac=484"],["addProductToShoppingList_345","forceAjax","/rayon.productgridorlist.productlist_1.thumbnailproduct_0.addproducttoshoppinglist/1920?t:ac=484"],["addProductToBasket_229","forceAjax","/rayon.productgridorlist.productlist_1.thumbnailproduct_0.addproducttobasket/7709?t:ac=484"],["addProductToShoppingList_346","forceAjax","/rayon.productgridorlist.productlist_1.thumbnailproduct_0.addproducttoshoppinglist/7709?t:ac=484"],["addProductToShoppingList_347","forceAjax","/rayon.productgridorlist.productlist_1.thumbnailproduct_0.addproducttoshoppinglist/76300?t:ac=484"],["addProductToBasket_230","forceAjax","/rayon.productgridorlist.productlist_1.thumbnailproduct_0.addproducttobasket/46214?t:ac=484"],["addProductToShoppingList_348","forceAjax","/rayon.productgridorlist.productlist_1.thumbnailproduct_0.addproducttoshoppinglist/46214?t:ac=484"],["addProductToShoppingList_349","forceAjax","/rayon.productgridorlist.productlist_1.thumbnailproduct_0.addproducttoshoppinglist/60477?t:ac=484"],["addProductToBasket_231","forceAjax","/rayon.productgridorlist.productlist_1.thumbnailproduct_0.addproducttobasket/100492?t:ac=484"],["addProductToShoppingList_350","forceAjax","/rayon.productgridorlist.productlist_1.thumbnailproduct_0.addproducttoshoppinglist/100492?t:ac=484"],["addProductToBasket_232","forceAjax","/rayon.productgridorlist.productlist_1.thumbnailproduct_0.addproducttobasket/100837?t:ac=484"],["addProductToShoppingList_351","forceAjax","/rayon.productgridorlist.productlist_1.thumbnailproduct_0.addproducttoshoppinglist/100837?t:ac=484"],["addProductToBasket_233","forceAjax","/rayon.productgridorlist.productlist_1.thumbnailproduct_0.addproducttobasket/100878?t:ac=484"],["addProductToShoppingList_352","forceAjax","/rayon.productgridorlist.productlist_1.thumbnailproduct_0.addproducttoshoppinglist/100878?t:ac=484"],["addProductToBasket_234","forceAjax","/rayon.productgridorlist.productlist_1.thumbnailproduct_0.addproducttobasket/1578?t:ac=484"],["addProductToShoppingList_353","forceAjax","/rayon.productgridorlist.productlist_1.thumbnailproduct_0.addproducttoshoppinglist/1578?t:ac=484"],["addProductToBasket_235","forceAjax","/rayon.productgridorlist.productlist_1.thumbnailproduct_0.addproducttobasket/3138?t:ac=484"],["addProductToShoppingList_354","forceAjax","/rayon.productgridorlist.productlist_1.thumbnailproduct_0.addproducttoshoppinglist/3138?t:ac=484"],["addProductToBasket_236","forceAjax","/rayon.productgridorlist.productlist_1.thumbnailproduct_0.addproducttobasket/76299?t:ac=484"],["addProductToShoppingList_355","forceAjax","/rayon.productgridorlist.productlist_1.thumbnailproduct_0.addproducttoshoppinglist/76299?t:ac=484"],["addProductToBasket_237","forceAjax","/rayon.productgridorlist.productlist_1.thumbnailproduct_0.addproducttobasket/74983?t:ac=484"],["addProductToShoppingList_356","forceAjax","/rayon.productgridorlist.productlist_1.thumbnailproduct_0.addproducttoshoppinglist/74983?t:ac=484"],["addProductToBasket_238","forceAjax","/rayon.productgridorlist.productlist_1.thumbnailproduct_0.addproducttobasket/97045?t:ac=484"],["addProductToShoppingList_357","forceAjax","/rayon.productgridorlist.productlist_1.thumbnailproduct_0.addproducttoshoppinglist/97045?t:ac=484"],["addProductToBasket_239","forceAjax","/rayon.productgridorlist.productlist_1.thumbnailproduct_0.addproducttobasket/97733?t:ac=484"],["addProductToShoppingList_358","forceAjax","/rayon.productgridorlist.productlist_1.thumbnailproduct_0.addproducttoshoppinglist/97733?t:ac=484"],["addProductToBasket_240","forceAjax","/rayon.productgridorlist.productlist_1.thumbnailproduct_0.addproducttobasket/98913?t:ac=484"],["addProductToShoppingList_359","forceAjax","/rayon.productgridorlist.productlist_1.thumbnailproduct_0.addproducttoshoppinglist/98913?t:ac=484"],["addProductToBasket_241","forceAjax","/rayon.productgridorlist.productlist_1.thumbnailproduct_0.addproducttobasket/98914?t:ac=484"],["addProductToShoppingList_360","forceAjax","/rayon.productgridorlist.productlist_1.thumbnailproduct_0.addproducttoshoppinglist/98914?t:ac=484"],["addProductToBasket_242","forceAjax","/rayon.productgridorlist.productlist_1.thumbnailproduct_0.addproducttobasket/2469?t:ac=484"],["addProductToShoppingList_361","forceAjax","/rayon.productgridorlist.productlist_1.thumbnailproduct_0.addproducttoshoppinglist/2469?t:ac=484"],["addProductToShoppingList_362","forceAjax","/rayon.productgridorlist.productlist_1.thumbnailproduct_0.addproducttoshoppinglist/8847?t:ac=484"],["addProductToBasket_243","forceAjax","/rayon.productgridorlist.productlist_1.thumbnailproduct_0.addproducttobasket/60504?t:ac=484"],["addProductToShoppingList_363","forceAjax","/rayon.productgridorlist.productlist_1.thumbnailproduct_0.addproducttoshoppinglist/60504?t:ac=484"],["addProductToShoppingList_364","forceAjax","/rayon.productgridorlist.productlist_1.thumbnailproduct_0.addproducttoshoppinglist/37718?t:ac=484"],["addProductToBasket_244","forceAjax","/rayon.productgridorlist.productlist_1.thumbnailproduct_0.addproducttobasket/35673?t:ac=484"],["addProductToShoppingList_365","forceAjax","/rayon.productgridorlist.productlist_1.thumbnailproduct_0.addproducttoshoppinglist/35673?t:ac=484"],["addProductToBasket_245","forceAjax","/rayon.productgridorlist.productlist_1.thumbnailproduct_0.addproducttobasket/60779?t:ac=484"],["addProductToShoppingList_366","forceAjax","/rayon.productgridorlist.productlist_1.thumbnailproduct_0.addproducttoshoppinglist/60779?t:ac=484"],["addProductToShoppingList_367","forceAjax","/rayon.productgridorlist.productlist_1.thumbnailproduct_0.addproducttoshoppinglist/49408?t:ac=484"],["addProductToBasket_246","forceAjax","/rayon.productgridorlist.productlist_1.thumbnailproduct_0.addproducttobasket/100838?t:ac=484"],["addProductToShoppingList_368","forceAjax","/rayon.productgridorlist.productlist_1.thumbnailproduct_0.addproducttoshoppinglist/100838?t:ac=484"],["addProductToBasket_247","forceAjax","/rayon.productgridorlist.productlist_1.thumbnailproduct_0.addproducttobasket/94568?t:ac=484"],["addProductToShoppingList_369","forceAjax","/rayon.productgridorlist.productlist_1.thumbnailproduct_0.addproducttoshoppinglist/94568?t:ac=484"],["addProductToShoppingList_370","forceAjax","/rayon.productgridorlist.productlist_1.thumbnailproduct_0.addproducttoshoppinglist/104284?t:ac=484"],["addProductToShoppingList_371","forceAjax","/rayon.productgridorlist.productlist_1.thumbnailproduct_0.addproducttoshoppinglist/104282?t:ac=484"],["addProductToBasket_248","forceAjax","/rayon.productgridorlist.productlist_1.thumbnailproduct_0.addproducttobasket/104287?t:ac=484"],["addProductToShoppingList_372","forceAjax","/rayon.productgridorlist.productlist_1.thumbnailproduct_0.addproducttoshoppinglist/104287?t:ac=484"],["addProductToBasket_249","forceAjax","/rayon.productgridorlist.productlist_1.thumbnailproduct_0.addproducttobasket/107165?t:ac=484"],["addProductToShoppingList_373","forceAjax","/rayon.productgridorlist.productlist_1.thumbnailproduct_0.addproducttoshoppinglist/107165?t:ac=484"],["addProductToBasket_250","forceAjax","/rayon.productgridorlist.productlist_1.thumbnailproduct_0.addproducttobasket/107345?t:ac=484"],["addProductToShoppingList_374","forceAjax","/rayon.productgridorlist.productlist_1.thumbnailproduct_0.addproducttoshoppinglist/107345?t:ac=484"],["addProductToShoppingList_375","forceAjax","/rayon.productgridorlist.productlist_1.thumbnailproduct_0.addproducttoshoppinglist/100659?t:ac=484"],["addProductToBasket_251","forceAjax","/rayon.productgridorlist.productlist_1.thumbnailproduct_0.addproducttobasket/100733?t:ac=484"],["addProductToShoppingList_376","forceAjax","/rayon.productgridorlist.productlist_1.thumbnailproduct_0.addproducttoshoppinglist/100733?t:ac=484"],["addProductToBasket_252","forceAjax","/rayon.productgridorlist.productlist_1.thumbnailproduct_0.addproducttobasket/100734?t:ac=484"],["addProductToShoppingList_377","forceAjax","/rayon.productgridorlist.productlist_1.thumbnailproduct_0.addproducttoshoppinglist/100734?t:ac=484"],["addProductToBasket_253","forceAjax","/rayon.productgridorlist.productlist_1.thumbnailproduct_0.addproducttobasket/58289?t:ac=484"],["addProductToShoppingList_378","forceAjax","/rayon.productgridorlist.productlist_1.thumbnailproduct_0.addproducttoshoppinglist/58289?t:ac=484"],["addProductToBasket_254","forceAjax","/rayon.productgridorlist.productlist_1.thumbnailproduct_0.addproducttobasket/60637?t:ac=484"],["addProductToShoppingList_379","forceAjax","/rayon.productgridorlist.productlist_1.thumbnailproduct_0.addproducttoshoppinglist/60637?t:ac=484"],["addProductToBasket_255","forceAjax","/rayon.productgridorlist.productlist_1.thumbnailproduct_0.addproducttobasket/58290?t:ac=484"],["addProductToShoppingList_380","forceAjax","/rayon.productgridorlist.productlist_1.thumbnailproduct_0.addproducttoshoppinglist/58290?t:ac=484"],["addProductToBasket_256","forceAjax","/rayon.productgridorlist.productlist_1.thumbnailproduct_0.addproducttobasket/58291?t:ac=484"],["addProductToShoppingList_381","forceAjax","/rayon.productgridorlist.productlist_1.thumbnailproduct_0.addproducttoshoppinglist/58291?t:ac=484"],["addProductToBasket_257","forceAjax","/rayon.productgridorlist.productlist_1.thumbnailproduct_0.addproducttobasket/58292?t:ac=484"],["addProductToShoppingList_382","forceAjax","/rayon.productgridorlist.productlist_1.thumbnailproduct_0.addproducttoshoppinglist/58292?t:ac=484"],["addProductToShoppingList_383","forceAjax","/rayon.productgridorlist.productlist_1.thumbnailproduct_0.addproducttoshoppinglist/74703?t:ac=484"],["addProductToBasket_258","forceAjax","/rayon.productgridorlist.productlist_1.thumbnailproduct_0.addproducttobasket/74705?t:ac=484"],["addProductToShoppingList_384","forceAjax","/rayon.productgridorlist.productlist_1.thumbnailproduct_0.addproducttoshoppinglist/74705?t:ac=484"],["addProductToShoppingList_385","forceAjax","/rayon.productgridorlist.productlist_1.thumbnailproduct_0.addproducttoshoppinglist/58617?t:ac=484"],["addProductToBasket_259","forceAjax","/rayon.productgridorlist.productlist_1.thumbnailproduct_0.addproducttobasket/52038?t:ac=484"],["addProductToShoppingList_386","forceAjax","/rayon.productgridorlist.productlist_1.thumbnailproduct_0.addproducttoshoppinglist/52038?t:ac=484"],["addProductToShoppingList_387","forceAjax","/rayon.productgridorlist.productlist_1.thumbnailproduct_0.addproducttoshoppinglist/44034?t:ac=484"],["addProductToShoppingList_388","forceAjax","/rayon.productgridorlist.productlist_1.thumbnailproduct_0.addproducttoshoppinglist/54122?t:ac=484"],["addProductToShoppingList_389","forceAjax","/rayon.productgridorlist.productlist_1.thumbnailproduct_0.addproducttoshoppinglist/58623?t:ac=484"],["addProductToShoppingList_390","forceAjax","/rayon.productgridorlist.productlist_1.thumbnailproduct_0.addproducttoshoppinglist/44694?t:ac=484"],["addProductToShoppingList_391","forceAjax","/rayon.productgridorlist.productlist_1.thumbnailproduct_0.addproducttoshoppinglist/44033?t:ac=484"],["addProductToShoppingList_392","forceAjax","/rayon.productgridorlist.productlist_1.thumbnailproduct_0.addproducttoshoppinglist/2994?t:ac=484"],["addProductToBasket_260","forceAjax","/rayon.productgridorlist.productlist_1.thumbnailproduct_0.addproducttobasket/48202?t:ac=484"],["addProductToShoppingList_393","forceAjax","/rayon.productgridorlist.productlist_1.thumbnailproduct_0.addproducttoshoppinglist/48202?t:ac=484"],["addProductToBasket_261","forceAjax","/rayon.productgridorlist.productlist_1.thumbnailproduct_0.addproducttobasket/55342?t:ac=484"],["addProductToShoppingList_394","forceAjax","/rayon.productgridorlist.productlist_1.thumbnailproduct_0.addproducttoshoppinglist/55342?t:ac=484"],["addProductToBasket_262","forceAjax","/rayon.productgridorlist.productlist_1.thumbnailproduct_0.addproducttobasket/45875?t:ac=484"],["addProductToShoppingList_395","forceAjax","/rayon.productgridorlist.productlist_1.thumbnailproduct_0.addproducttoshoppinglist/45875?t:ac=484"],["addProductToBasket_263","forceAjax","/rayon.productgridorlist.productlist_1.thumbnailproduct_0.addproducttobasket/4719?t:ac=484"],["addProductToShoppingList_396","forceAjax","/rayon.productgridorlist.productlist_1.thumbnailproduct_0.addproducttoshoppinglist/4719?t:ac=484"],["addProductToShoppingList_397","forceAjax","/rayon.productgridorlist.productlist_1.thumbnailproduct_0.addproducttoshoppinglist/44747?t:ac=484"],["addProductToShoppingList_398","forceAjax","/rayon.productgridorlist.productlist_1.thumbnailproduct_0.addproducttoshoppinglist/58209?t:ac=484"],["addProductToShoppingList_399","forceAjax","/rayon.productgridorlist.productlist_1.thumbnailproduct_0.addproducttoshoppinglist/5712?t:ac=484"],["addProductToBasket_264","forceAjax","/rayon.productgridorlist.productlist_1.thumbnailproduct_0.addproducttobasket/47317?t:ac=484"],["addProductToShoppingList_400","forceAjax","/rayon.productgridorlist.productlist_1.thumbnailproduct_0.addproducttoshoppinglist/47317?t:ac=484"],["addProductToShoppingList_401","forceAjax","/rayon.productgridorlist.productlist_1.thumbnailproduct_0.addproducttoshoppinglist/47321?t:ac=484"],["addProductToShoppingList_402","forceAjax","/rayon.productgridorlist.productlist_1.thumbnailproduct_0.addproducttoshoppinglist/4714?t:ac=484"],["addProductToBasket_265","forceAjax","/rayon.productgridorlist.productlist_1.thumbnailproduct_0.addproducttobasket/4715?t:ac=484"],["addProductToShoppingList_403","forceAjax","/rayon.productgridorlist.productlist_1.thumbnailproduct_0.addproducttoshoppinglist/4715?t:ac=484"],["addProductToBasket_266","forceAjax","/rayon.productgridorlist.productlist_1.thumbnailproduct_0.addproducttobasket/4716?t:ac=484"],["addProductToShoppingList_404","forceAjax","/rayon.productgridorlist.productlist_1.thumbnailproduct_0.addproducttoshoppinglist/4716?t:ac=484"],["addProductToBasket_267","forceAjax","/rayon.productgridorlist.productlist_1.thumbnailproduct_0.addproducttobasket/72810?t:ac=484"],["addProductToShoppingList_405","forceAjax","/rayon.productgridorlist.productlist_1.thumbnailproduct_0.addproducttoshoppinglist/72810?t:ac=484"],["addProductToBasket_268","forceAjax","/rayon.productgridorlist.productlist_1.thumbnailproduct_0.addproducttobasket/56491?t:ac=484"],["addProductToShoppingList_406","forceAjax","/rayon.productgridorlist.productlist_1.thumbnailproduct_0.addproducttoshoppinglist/56491?t:ac=484"],["addProductToBasket_269","forceAjax","/rayon.productgridorlist.productlist_1.thumbnailproduct_0.addproducttobasket/7782?t:ac=484"],["addProductToShoppingList_407","forceAjax","/rayon.productgridorlist.productlist_1.thumbnailproduct_0.addproducttoshoppinglist/7782?t:ac=484"],["addProductToShoppingList_408","forceAjax","/rayon.productgridorlist.productlist_1.thumbnailproduct_0.addproducttoshoppinglist/37584?t:ac=484"],["addProductToBasket_270","forceAjax","/rayon.productgridorlist.productlist_1.thumbnailproduct_0.addproducttobasket/101006?t:ac=484"],["addProductToShoppingList_409","forceAjax","/rayon.productgridorlist.productlist_1.thumbnailproduct_0.addproducttoshoppinglist/101006?t:ac=484"],["addProductToBasket_271","forceAjax","/rayon.productgridorlist.productlist_1.thumbnailproduct_0.addproducttobasket/100960?t:ac=484"],["addProductToShoppingList_410","forceAjax","/rayon.productgridorlist.productlist_1.thumbnailproduct_0.addproducttoshoppinglist/100960?t:ac=484"],["addProductToBasket_272","forceAjax","/rayon.productgridorlist.productlist_1.thumbnailproduct_0.addproducttobasket/70021?t:ac=484"],["addProductToShoppingList_411","forceAjax","/rayon.productgridorlist.productlist_1.thumbnailproduct_0.addproducttoshoppinglist/70021?t:ac=484"],["addProductToBasket_273","forceAjax","/rayon.productgridorlist.productlist_1.thumbnailproduct_0.addproducttobasket/53865?t:ac=484"],["addProductToShoppingList_412","forceAjax","/rayon.productgridorlist.productlist_1.thumbnailproduct_0.addproducttoshoppinglist/53865?t:ac=484"],["addProductToBasket_274","forceAjax","/rayon.productgridorlist.productlist_1.thumbnailproduct_0.addproducttobasket/59268?t:ac=484"],["addProductToShoppingList_413","forceAjax","/rayon.productgridorlist.productlist_1.thumbnailproduct_0.addproducttoshoppinglist/59268?t:ac=484"],["addProductToShoppingList_414","forceAjax","/rayon.productgridorlist.productlist_1.thumbnailproduct_0.addproducttoshoppinglist/59266?t:ac=484"],["addProductToBasket_275","forceAjax","/rayon.productgridorlist.productlist_1.thumbnailproduct_0.addproducttobasket/100547?t:ac=484"],["addProductToShoppingList_415","forceAjax","/rayon.productgridorlist.productlist_1.thumbnailproduct_0.addproducttoshoppinglist/100547?t:ac=484"],["addProductToBasket_276","forceAjax","/rayon.productgridorlist.productlist_1.thumbnailproduct_0.addproducttobasket/21920?t:ac=484"],["addProductToShoppingList_416","forceAjax","/rayon.productgridorlist.productlist_1.thumbnailproduct_0.addproducttoshoppinglist/21920?t:ac=484"],["addProductToBasket_277","forceAjax","/rayon.productgridorlist.productlist_1.thumbnailproduct_0.addproducttobasket/23121?t:ac=484"],["addProductToShoppingList_417","forceAjax","/rayon.productgridorlist.productlist_1.thumbnailproduct_0.addproducttoshoppinglist/23121?t:ac=484"],["addProductToBasket_278","forceAjax","/rayon.productgridorlist.productlist_1.thumbnailproduct_0.addproducttobasket/35677?t:ac=484"],["addProductToShoppingList_418","forceAjax","/rayon.productgridorlist.productlist_1.thumbnailproduct_0.addproducttoshoppinglist/35677?t:ac=484"],["addProductToBasket_279","forceAjax","/rayon.productgridorlist.productlist_1.thumbnailproduct_0.addproducttobasket/37599?t:ac=484"],["addProductToShoppingList_419","forceAjax","/rayon.productgridorlist.productlist_1.thumbnailproduct_0.addproducttoshoppinglist/37599?t:ac=484"],["addProductToBasket_280","forceAjax","/rayon.productgridorlist.productlist_1.thumbnailproduct_0.addproducttobasket/37675?t:ac=484"],["addProductToShoppingList_420","forceAjax","/rayon.productgridorlist.productlist_1.thumbnailproduct_0.addproducttoshoppinglist/37675?t:ac=484"],["addProductToBasket_281","forceAjax","/rayon.productgridorlist.productlist_1.thumbnailproduct_0.addproducttobasket/46403?t:ac=484"],["addProductToShoppingList_421","forceAjax","/rayon.productgridorlist.productlist_1.thumbnailproduct_0.addproducttoshoppinglist/46403?t:ac=484"],["addProductToShoppingList_422","forceAjax","/rayon.productgridorlist.productlist_1.thumbnailproduct_0.addproducttoshoppinglist/24695?t:ac=484"],["addProductToBasket_282","forceAjax","/rayon.productgridorlist.productlist_1.thumbnailproduct_0.addproducttobasket/100965?t:ac=484"],["addProductToShoppingList_423","forceAjax","/rayon.productgridorlist.productlist_1.thumbnailproduct_0.addproducttoshoppinglist/100965?t:ac=484"],["addProductToBasket_283","forceAjax","/rayon.productgridorlist.productlist_1.thumbnailproduct_0.addproducttobasket/17136?t:ac=484"],["addProductToShoppingList_424","forceAjax","/rayon.productgridorlist.productlist_1.thumbnailproduct_0.addproducttoshoppinglist/17136?t:ac=484"],["addProductToBasket_284","forceAjax","/rayon.productgridorlist.productlist_1.thumbnailproduct_0.addproducttobasket/14117?t:ac=484"],["addProductToShoppingList_425","forceAjax","/rayon.productgridorlist.productlist_1.thumbnailproduct_0.addproducttoshoppinglist/14117?t:ac=484"],["addProductToBasket_285","forceAjax","/rayon.productgridorlist.productlist_1.thumbnailproduct_0.addproducttobasket/14116?t:ac=484"],["addProductToShoppingList_426","forceAjax","/rayon.productgridorlist.productlist_1.thumbnailproduct_0.addproducttoshoppinglist/14116?t:ac=484"],["addProductToBasket_286","forceAjax","/rayon.productgridorlist.productlist_1.thumbnailproduct_0.addproducttobasket/9323?t:ac=484"],["addProductToShoppingList_427","forceAjax","/rayon.productgridorlist.productlist_1.thumbnailproduct_0.addproducttoshoppinglist/9323?t:ac=484"],["addProductToBasket_287","forceAjax","/rayon.productgridorlist.productlist_1.thumbnailproduct_0.addproducttobasket/13986?t:ac=484"],["addProductToShoppingList_428","forceAjax","/rayon.productgridorlist.productlist_1.thumbnailproduct_0.addproducttoshoppinglist/13986?t:ac=484"],["addProductToBasket_288","forceAjax","/rayon.productgridorlist.productlist_1.thumbnailproduct_0.addproducttobasket/61649?t:ac=484"],["addProductToShoppingList_429","forceAjax","/rayon.productgridorlist.productlist_1.thumbnailproduct_0.addproducttoshoppinglist/61649?t:ac=484"],["addProductToBasket_289","forceAjax","/rayon.productgridorlist.productlist_1.thumbnailproduct_0.addproducttobasket/9324?t:ac=484"],["addProductToShoppingList_430","forceAjax","/rayon.productgridorlist.productlist_1.thumbnailproduct_0.addproducttoshoppinglist/9324?t:ac=484"],["addProductToBasket_290","forceAjax","/rayon.productgridorlist.productlist_1.thumbnailproduct_0.addproducttobasket/59270?t:ac=484"],["addProductToShoppingList_431","forceAjax","/rayon.productgridorlist.productlist_1.thumbnailproduct_0.addproducttoshoppinglist/59270?t:ac=484"],["addProductToBasket_291","forceAjax","/rayon.productgridorlist.productlist_1.thumbnailproduct_0.addproducttobasket/100321?t:ac=484"],["addProductToShoppingList_432","forceAjax","/rayon.productgridorlist.productlist_1.thumbnailproduct_0.addproducttoshoppinglist/100321?t:ac=484"],["addProductToBasket_292","forceAjax","/rayon.productgridorlist.productlist_1.thumbnailproduct_0.addproducttobasket/59269?t:ac=484"],["addProductToShoppingList_433","forceAjax","/rayon.productgridorlist.productlist_1.thumbnailproduct_0.addproducttoshoppinglist/59269?t:ac=484"],["addProductToBasket_293","forceAjax","/rayon.productgridorlist.productlist_1.thumbnailproduct_0.addproducttobasket/28082?t:ac=484"],["addProductToShoppingList_434","forceAjax","/rayon.productgridorlist.productlist_1.thumbnailproduct_0.addproducttoshoppinglist/28082?t:ac=484"],["addProductToBasket_294","forceAjax","/rayon.productgridorlist.productlist_1.thumbnailproduct_0.addproducttobasket/9325?t:ac=484"],["addProductToShoppingList_435","forceAjax","/rayon.productgridorlist.productlist_1.thumbnailproduct_0.addproducttoshoppinglist/9325?t:ac=484"],["addProductToBasket_295","forceAjax","/rayon.productgridorlist.productlist_1.thumbnailproduct_0.addproducttobasket/100322?t:ac=484"],["addProductToShoppingList_436","forceAjax","/rayon.productgridorlist.productlist_1.thumbnailproduct_0.addproducttoshoppinglist/100322?t:ac=484"],["addProductToShoppingList_437","forceAjax","/rayon.productgridorlist.productlist_1.thumbnailproduct_0.addproducttoshoppinglist/19425?t:ac=484"],["addProductToBasket_296","forceAjax","/rayon.productgridorlist.productlist_1.thumbnailproduct_0.addproducttobasket/59117?t:ac=484"],["addProductToShoppingList_438","forceAjax","/rayon.productgridorlist.productlist_1.thumbnailproduct_0.addproducttoshoppinglist/59117?t:ac=484"],["addProductToBasket_297","forceAjax","/rayon.productgridorlist.productlist_1.thumbnailproduct_0.addproducttobasket/71860?t:ac=484"],["addProductToShoppingList_439","forceAjax","/rayon.productgridorlist.productlist_1.thumbnailproduct_0.addproducttoshoppinglist/71860?t:ac=484"],["addProductToBasket_298","forceAjax","/rayon.productgridorlist.productlist_1.thumbnailproduct_0.addproducttobasket/22550?t:ac=484"],["addProductToShoppingList_440","forceAjax","/rayon.productgridorlist.productlist_1.thumbnailproduct_0.addproducttoshoppinglist/22550?t:ac=484"],["addProductToShoppingList_441","forceAjax","/rayon.productgridorlist.productlist_1.thumbnailproduct_0.addproducttoshoppinglist/100346?t:ac=484"],["addProductToBasket_299","forceAjax","/rayon.productgridorlist.productlist_1.thumbnailproduct_0.addproducttobasket/46381?t:ac=484"],["addProductToShoppingList_442","forceAjax","/rayon.productgridorlist.productlist_1.thumbnailproduct_0.addproducttoshoppinglist/46381?t:ac=484"],["addProductToBasket_300","forceAjax","/rayon.productgridorlist.productlist_1.thumbnailproduct_0.addproducttobasket/38264?t:ac=484"],["addProductToShoppingList_443","forceAjax","/rayon.productgridorlist.productlist_1.thumbnailproduct_0.addproducttoshoppinglist/38264?t:ac=484"],["addProductToBasket_301","forceAjax","/rayon.productgridorlist.productlist_1.thumbnailproduct_0.addproducttobasket/22853?t:ac=484"],["addProductToShoppingList_444","forceAjax","/rayon.productgridorlist.productlist_1.thumbnailproduct_0.addproducttoshoppinglist/22853?t:ac=484"],["addProductToBasket_302","forceAjax","/rayon.productgridorlist.productlist_1.thumbnailproduct_0.addproducttobasket/2276?t:ac=484"],["addProductToShoppingList_445","forceAjax","/rayon.productgridorlist.productlist_1.thumbnailproduct_0.addproducttoshoppinglist/2276?t:ac=484"],["addProductToBasket_303","forceAjax","/rayon.productgridorlist.productlist_1.thumbnailproduct_0.addproducttobasket/6716?t:ac=484"],["addProductToShoppingList_446","forceAjax","/rayon.productgridorlist.productlist_1.thumbnailproduct_0.addproducttoshoppinglist/6716?t:ac=484"],["addProductToBasket_304","forceAjax","/rayon.productgridorlist.productlist_1.thumbnailproduct_0.addproducttobasket/8972?t:ac=484"],["addProductToShoppingList_447","forceAjax","/rayon.productgridorlist.productlist_1.thumbnailproduct_0.addproducttoshoppinglist/8972?t:ac=484"],["addProductToBasket_305","forceAjax","/rayon.productgridorlist.productlist_1.thumbnailproduct_0.addproducttobasket/19949?t:ac=484"],["addProductToShoppingList_448","forceAjax","/rayon.productgridorlist.productlist_1.thumbnailproduct_0.addproducttoshoppinglist/19949?t:ac=484"],["addProductToShoppingList_449","forceAjax","/rayon.productgridorlist.productlist_1.thumbnailproduct_0.addproducttoshoppinglist/76121?t:ac=484"],["addProductToShoppingList_450","forceAjax","/rayon.productgridorlist.productlist_1.thumbnailproduct_0.addproducttoshoppinglist/71819?t:ac=484"],["addProductToBasket_306","forceAjax","/rayon.productgridorlist.productlist_1.thumbnailproduct_0.addproducttobasket/100924?t:ac=484"],["addProductToShoppingList_451","forceAjax","/rayon.productgridorlist.productlist_1.thumbnailproduct_0.addproducttoshoppinglist/100924?t:ac=484"],["addProductToShoppingList_452","forceAjax","/rayon.productgridorlist.productlist_1.thumbnailproduct_0.addproducttoshoppinglist/43712?t:ac=484"],["addProductToShoppingList_453","forceAjax","/rayon.productgridorlist.productlist_1.thumbnailproduct_0.addproducttoshoppinglist/100925?t:ac=484"],["addProductToBasket_307","forceAjax","/rayon.productgridorlist.productlist_1.thumbnailproduct_0.addproducttobasket/100949?t:ac=484"],["addProductToShoppingList_454","forceAjax","/rayon.productgridorlist.productlist_1.thumbnailproduct_0.addproducttoshoppinglist/100949?t:ac=484"],["addProductToBasket_308","forceAjax","/rayon.productgridorlist.productlist_1.thumbnailproduct_0.addproducttobasket/100828?t:ac=484"],["addProductToShoppingList_455","forceAjax","/rayon.productgridorlist.productlist_1.thumbnailproduct_0.addproducttoshoppinglist/100828?t:ac=484"],["addProductToBasket_309","forceAjax","/rayon.productgridorlist.productlist_1.thumbnailproduct_0.addproducttobasket/8903?t:ac=484"],["addProductToShoppingList_456","forceAjax","/rayon.productgridorlist.productlist_1.thumbnailproduct_0.addproducttoshoppinglist/8903?t:ac=484"],["addProductToBasket_310","forceAjax","/rayon.productgridorlist.productlist_1.thumbnailproduct_0.addproducttobasket/100045?t:ac=484"],["addProductToShoppingList_457","forceAjax","/rayon.productgridorlist.productlist_1.thumbnailproduct_0.addproducttoshoppinglist/100045?t:ac=484"],["addProductToBasket_311","forceAjax","/rayon.productgridorlist.productlist_1.thumbnailproduct_0.addproducttobasket/25053?t:ac=484"],["addProductToShoppingList_458","forceAjax","/rayon.productgridorlist.productlist_1.thumbnailproduct_0.addproducttoshoppinglist/25053?t:ac=484"],["addProductToBasket_312","forceAjax","/rayon.productgridorlist.productlist_1.thumbnailproduct_0.addproducttobasket/100047?t:ac=484"],["addProductToShoppingList_459","forceAjax","/rayon.productgridorlist.productlist_1.thumbnailproduct_0.addproducttoshoppinglist/100047?t:ac=484"],["addProductToBasket_313","forceAjax","/rayon.productgridorlist.productlist_1.thumbnailproduct_0.addproducttobasket/100048?t:ac=484"],["addProductToShoppingList_460","forceAjax","/rayon.productgridorlist.productlist_1.thumbnailproduct_0.addproducttoshoppinglist/100048?t:ac=484"],["addProductToBasket_314","forceAjax","/rayon.productgridorlist.productlist_1.thumbnailproduct_0.addproducttobasket/89105?t:ac=484"],["addProductToShoppingList_461","forceAjax","/rayon.productgridorlist.productlist_1.thumbnailproduct_0.addproducttoshoppinglist/89105?t:ac=484"],["addProductToBasket_315","forceAjax","/rayon.productgridorlist.productlist_1.thumbnailproduct_0.addproducttobasket/89120?t:ac=484"],["addProductToShoppingList_462","forceAjax","/rayon.productgridorlist.productlist_1.thumbnailproduct_0.addproducttoshoppinglist/89120?t:ac=484"],["addProductToBasket_316","forceAjax","/rayon.productgridorlist.productlist_1.thumbnailproduct_0.addproducttobasket/89121?t:ac=484"],["addProductToShoppingList_463","forceAjax","/rayon.productgridorlist.productlist_1.thumbnailproduct_0.addproducttoshoppinglist/89121?t:ac=484"],["addProductToBasket_317","forceAjax","/rayon.productgridorlist.productlist_1.thumbnailproduct_0.addproducttobasket/89122?t:ac=484"],["addProductToShoppingList_464","forceAjax","/rayon.productgridorlist.productlist_1.thumbnailproduct_0.addproducttoshoppinglist/89122?t:ac=484"],["addProductToBasket_318","forceAjax","/rayon.productgridorlist.productlist_1.thumbnailproduct_0.addproducttobasket/100830?t:ac=484"],["addProductToShoppingList_465","forceAjax","/rayon.productgridorlist.productlist_1.thumbnailproduct_0.addproducttoshoppinglist/100830?t:ac=484"],["addProductToBasket_319","forceAjax","/rayon.productgridorlist.productlist_1.thumbnailproduct_0.addproducttobasket/59986?t:ac=484"],["addProductToShoppingList_466","forceAjax","/rayon.productgridorlist.productlist_1.thumbnailproduct_0.addproducttoshoppinglist/59986?t:ac=484"],["addProductToBasket_320","forceAjax","/rayon.productgridorlist.productlist_1.thumbnailproduct_0.addproducttobasket/8402?t:ac=484"],["addProductToShoppingList_467","forceAjax","/rayon.productgridorlist.productlist_1.thumbnailproduct_0.addproducttoshoppinglist/8402?t:ac=484"],["addProductToShoppingList_468","forceAjax","/rayon.productgridorlist.productlist_1.thumbnailproduct_0.addproducttoshoppinglist/20421?t:ac=484"],["addProductToBasket_321","forceAjax","/rayon.productgridorlist.productlist_1.thumbnailproduct_0.addproducttobasket/70574?t:ac=484"],["addProductToShoppingList_469","forceAjax","/rayon.productgridorlist.productlist_1.thumbnailproduct_0.addproducttoshoppinglist/70574?t:ac=484"],["addProductToShoppingList_470","forceAjax","/rayon.productgridorlist.productlist_1.thumbnailproduct_0.addproducttoshoppinglist/28203?t:ac=484"],["addProductToShoppingList_471","forceAjax","/rayon.productgridorlist.productlist_1.thumbnailproduct_0.addproducttoshoppinglist/2973?t:ac=484"],["addProductToBasket_322","forceAjax","/rayon.productgridorlist.productlist_1.thumbnailproduct_0.addproducttobasket/1104?t:ac=484"],["addProductToShoppingList_472","forceAjax","/rayon.productgridorlist.productlist_1.thumbnailproduct_0.addproducttoshoppinglist/1104?t:ac=484"],["addProductToBasket_323","forceAjax","/rayon.productgridorlist.productlist_1.thumbnailproduct_0.addproducttobasket/37582?t:ac=484"],["addProductToShoppingList_473","forceAjax","/rayon.productgridorlist.productlist_1.thumbnailproduct_0.addproducttoshoppinglist/37582?t:ac=484"],["addProductToBasket_324","forceAjax","/rayon.productgridorlist.productlist_1.thumbnailproduct_0.addproducttobasket/100422?t:ac=484"],["addProductToShoppingList_474","forceAjax","/rayon.productgridorlist.productlist_1.thumbnailproduct_0.addproducttoshoppinglist/100422?t:ac=484"],["addProductToBasket_325","forceAjax","/rayon.productgridorlist.productlist_1.thumbnailproduct_0.addproducttobasket/59458?t:ac=484"],["addProductToShoppingList_475","forceAjax","/rayon.productgridorlist.productlist_1.thumbnailproduct_0.addproducttoshoppinglist/59458?t:ac=484"],["addProductToBasket_326","forceAjax","/rayon.productgridorlist.productlist_1.thumbnailproduct_0.addproducttobasket/61000?t:ac=484"],["addProductToShoppingList_476","forceAjax","/rayon.productgridorlist.productlist_1.thumbnailproduct_0.addproducttoshoppinglist/61000?t:ac=484"],["addProductToBasket_327","forceAjax","/rayon.productgridorlist.productlist_1.thumbnailproduct_0.addproducttobasket/16940?t:ac=484"],["addProductToShoppingList_477","forceAjax","/rayon.productgridorlist.productlist_1.thumbnailproduct_0.addproducttoshoppinglist/16940?t:ac=484"],["addProductToBasket_328","forceAjax","/rayon.productgridorlist.productlist_1.thumbnailproduct_0.addproducttobasket/48113?t:ac=484"],["addProductToShoppingList_478","forceAjax","/rayon.productgridorlist.productlist_1.thumbnailproduct_0.addproducttoshoppinglist/48113?t:ac=484"],["addProductToBasket_329","forceAjax","/rayon.productgridorlist.productlist_1.thumbnailproduct_0.addproducttobasket/37663?t:ac=484"],["addProductToShoppingList_479","forceAjax","/rayon.productgridorlist.productlist_1.thumbnailproduct_0.addproducttoshoppinglist/37663?t:ac=484"],["addProductToBasket_330","forceAjax","/rayon.productgridorlist.productlist_1.thumbnailproduct_0.addproducttobasket/2589?t:ac=484"],["addProductToShoppingList_480","forceAjax","/rayon.productgridorlist.productlist_1.thumbnailproduct_0.addproducttoshoppinglist/2589?t:ac=484"],["addProductToBasket_331","forceAjax","/rayon.productgridorlist.productlist_1.thumbnailproduct_0.addproducttobasket/38426?t:ac=484"],["addProductToShoppingList_481","forceAjax","/rayon.productgridorlist.productlist_1.thumbnailproduct_0.addproducttoshoppinglist/38426?t:ac=484"],["addProductToBasket_332","forceAjax","/rayon.productgridorlist.productlist_1.thumbnailproduct_0.addproducttobasket/1942?t:ac=484"],["addProductToShoppingList_482","forceAjax","/rayon.productgridorlist.productlist_1.thumbnailproduct_0.addproducttoshoppinglist/1942?t:ac=484"],["addProductToBasket_333","forceAjax","/rayon.productgridorlist.productlist_1.thumbnailproduct_0.addproducttobasket/100796?t:ac=484"],["addProductToShoppingList_483","forceAjax","/rayon.productgridorlist.productlist_1.thumbnailproduct_0.addproducttoshoppinglist/100796?t:ac=484"],["addProductToBasket_334","forceAjax","/rayon.productgridorlist.productlist_1.thumbnailproduct_0.addproducttobasket/2408?t:ac=484"],["addProductToShoppingList_484","forceAjax","/rayon.productgridorlist.productlist_1.thumbnailproduct_0.addproducttoshoppinglist/2408?t:ac=484"],["addProductToBasket_335","forceAjax","/rayon.productgridorlist.productlist_1.thumbnailproduct_0.addproducttobasket/55721?t:ac=484"],["addProductToShoppingList_485","forceAjax","/rayon.productgridorlist.productlist_1.thumbnailproduct_0.addproducttoshoppinglist/55721?t:ac=484"],["addProductToBasket_336","forceAjax","/rayon.productgridorlist.productlist_1.thumbnailproduct_0.addproducttobasket/100381?t:ac=484"],["addProductToShoppingList_486","forceAjax","/rayon.productgridorlist.productlist_1.thumbnailproduct_0.addproducttoshoppinglist/100381?t:ac=484"],["addProductToBasket_337","forceAjax","/rayon.productgridorlist.productlist_1.thumbnailproduct_0.addproducttobasket/76115?t:ac=484"],["addProductToShoppingList_487","forceAjax","/rayon.productgridorlist.productlist_1.thumbnailproduct_0.addproducttoshoppinglist/76115?t:ac=484"],["addProductToBasket_338","forceAjax","/rayon.productgridorlist.productlist_1.thumbnailproduct_0.addproducttobasket/19424?t:ac=484"],["addProductToShoppingList_488","forceAjax","/rayon.productgridorlist.productlist_1.thumbnailproduct_0.addproducttoshoppinglist/19424?t:ac=484"],["addProductToBasket_339","forceAjax","/rayon.productgridorlist.productlist_1.thumbnailproduct_0.addproducttobasket/58888?t:ac=484"],["addProductToShoppingList_489","forceAjax","/rayon.productgridorlist.productlist_1.thumbnailproduct_0.addproducttoshoppinglist/58888?t:ac=484"],["addProductToBasket_340","forceAjax","/rayon.productgridorlist.productlist_1.thumbnailproduct_0.addproducttobasket/43538?t:ac=484"],["addProductToShoppingList_490","forceAjax","/rayon.productgridorlist.productlist_1.thumbnailproduct_0.addproducttoshoppinglist/43538?t:ac=484"],["addProductToShoppingList_491","forceAjax","/rayon.productgridorlist.productlist_1.thumbnailproduct_0.addproducttoshoppinglist/100725?t:ac=484"],["addProductToBasket_341","forceAjax","/rayon.productgridorlist.productlist_1.thumbnailproduct_0.addproducttobasket/100958?t:ac=484"],["addProductToShoppingList_492","forceAjax","/rayon.productgridorlist.productlist_1.thumbnailproduct_0.addproducttoshoppinglist/100958?t:ac=484"],["addProductToBasket_342","forceAjax","/rayon.productgridorlist.productlist_1.thumbnailproduct_0.addproducttobasket/58799?t:ac=484"],["addProductToShoppingList_493","forceAjax","/rayon.productgridorlist.productlist_1.thumbnailproduct_0.addproducttoshoppinglist/58799?t:ac=484"],["addProductToBasket_343","forceAjax","/rayon.productgridorlist.productlist_1.thumbnailproduct_0.addproducttobasket/58812?t:ac=484"],["addProductToShoppingList_494","forceAjax","/rayon.productgridorlist.productlist_1.thumbnailproduct_0.addproducttoshoppinglist/58812?t:ac=484"],["addProductToBasket_344","forceAjax","/rayon.productgridorlist.productlist_1.thumbnailproduct_0.addproducttobasket/60307?t:ac=484"],["addProductToShoppingList_495","forceAjax","/rayon.productgridorlist.productlist_1.thumbnailproduct_0.addproducttoshoppinglist/60307?t:ac=484"],["addProductToBasket_345","forceAjax","/rayon.productgridorlist.productlist_1.thumbnailproduct_0.addproducttobasket/60777?t:ac=484"],["addProductToShoppingList_496","forceAjax","/rayon.productgridorlist.productlist_1.thumbnailproduct_0.addproducttoshoppinglist/60777?t:ac=484"],["addProductToBasket_346","forceAjax","/rayon.productgridorlist.productlist_1.thumbnailproduct_0.addproducttobasket/46263?t:ac=484"],["addProductToShoppingList_497","forceAjax","/rayon.productgridorlist.productlist_1.thumbnailproduct_0.addproducttoshoppinglist/46263?t:ac=484"],["addProductToBasket_347","forceAjax","/rayon.productgridorlist.productlist_1.thumbnailproduct_0.addproducttobasket/78202?t:ac=484"],["addProductToShoppingList_498","forceAjax","/rayon.productgridorlist.productlist_1.thumbnailproduct_0.addproducttoshoppinglist/78202?t:ac=484"],["addProductToBasket_348","forceAjax","/rayon.productgridorlist.productlist_1.thumbnailproduct_0.addproducttobasket/100724?t:ac=484"],["addProductToShoppingList_499","forceAjax","/rayon.productgridorlist.productlist_1.thumbnailproduct_0.addproducttoshoppinglist/100724?t:ac=484"],["addProductToBasket_349","forceAjax","/rayon.productgridorlist.productlist_1.thumbnailproduct_0.addproducttobasket/100398?t:ac=484"],["addProductToShoppingList_500","forceAjax","/rayon.productgridorlist.productlist_1.thumbnailproduct_0.addproducttoshoppinglist/100398?t:ac=484"],["addProductToBasket_350","forceAjax","/rayon.productgridorlist.productlist_1.thumbnailproduct_0.addproducttobasket/60999?t:ac=484"],["addProductToShoppingList_501","forceAjax","/rayon.productgridorlist.productlist_1.thumbnailproduct_0.addproducttoshoppinglist/60999?t:ac=484"],["addProductToBasket_351","forceAjax","/rayon.productgridorlist.productlist_1.thumbnailproduct_0.addproducttobasket/41743?t:ac=484"],["addProductToShoppingList_502","forceAjax","/rayon.productgridorlist.productlist_1.thumbnailproduct_0.addproducttoshoppinglist/41743?t:ac=484"],["addProductToShoppingList_503","forceAjax","/rayon.productgridorlist.productlist_1.thumbnailproduct_0.addproducttoshoppinglist/100803?t:ac=484"],["addProductToBasket_352","forceAjax","/rayon.productgridorlist.productlist_1.thumbnailproduct_0.addproducttobasket/37670?t:ac=484"],["addProductToShoppingList_504","forceAjax","/rayon.productgridorlist.productlist_1.thumbnailproduct_0.addproducttoshoppinglist/37670?t:ac=484"],["addProductToBasket_353","forceAjax","/rayon.productgridorlist.productlist_1.thumbnailproduct_0.addproducttobasket/39344?t:ac=484"],["addProductToShoppingList_505","forceAjax","/rayon.productgridorlist.productlist_1.thumbnailproduct_0.addproducttoshoppinglist/39344?t:ac=484"],["addProductToBasket_354","forceAjax","/rayon.productgridorlist.productlist_1.thumbnailproduct_0.addproducttobasket/100848?t:ac=484"],["addProductToShoppingList_506","forceAjax","/rayon.productgridorlist.productlist_1.thumbnailproduct_0.addproducttoshoppinglist/100848?t:ac=484"],["addProductToBasket_355","forceAjax","/rayon.productgridorlist.productlist_1.thumbnailproduct_0.addproducttobasket/102294?t:ac=484"],["addProductToShoppingList_507","forceAjax","/rayon.productgridorlist.productlist_1.thumbnailproduct_0.addproducttoshoppinglist/102294?t:ac=484"],["addProductToShoppingList_508","forceAjax","/rayon.productgridorlist.productlist_1.thumbnailproduct_0.addproducttoshoppinglist/60775?t:ac=484"],["addProductToShoppingList_509","forceAjax","/rayon.productgridorlist.productlist_1.thumbnailproduct_0.addproducttoshoppinglist/38096?t:ac=484"],["addProductToBasket_356","forceAjax","/rayon.productgridorlist.productlist_1.thumbnailproduct_0.addproducttobasket/100970?t:ac=484"],["addProductToShoppingList_510","forceAjax","/rayon.productgridorlist.productlist_1.thumbnailproduct_0.addproducttoshoppinglist/100970?t:ac=484"],["addProductToBasket_357","forceAjax","/rayon.productgridorlist.productlist_1.thumbnailproduct_0.addproducttobasket/100611?t:ac=484"],["addProductToShoppingList_511","forceAjax","/rayon.productgridorlist.productlist_1.thumbnailproduct_0.addproducttoshoppinglist/100611?t:ac=484"],["addProductToBasket_358","forceAjax","/rayon.productgridorlist.productlist_1.thumbnailproduct_0.addproducttobasket/100562?t:ac=484"],["addProductToShoppingList_512","forceAjax","/rayon.productgridorlist.productlist_1.thumbnailproduct_0.addproducttoshoppinglist/100562?t:ac=484"],["addProductToBasket_359","forceAjax","/rayon.productgridorlist.productlist_1.thumbnailproduct_0.addproducttobasket/50244?t:ac=484"],["addProductToShoppingList_513","forceAjax","/rayon.productgridorlist.productlist_1.thumbnailproduct_0.addproducttoshoppinglist/50244?t:ac=484"],["addProductToBasket_360","forceAjax","/rayon.productgridorlist.productlist_1.thumbnailproduct_0.addproducttobasket/41715?t:ac=484"],["addProductToShoppingList_514","forceAjax","/rayon.productgridorlist.productlist_1.thumbnailproduct_0.addproducttoshoppinglist/41715?t:ac=484"],["addProductToShoppingList_515","forceAjax","/rayon.productgridorlist.productlist_1.thumbnailproduct_0.addproducttoshoppinglist/8845?t:ac=484"],["addProductToBasket_361","forceAjax","/rayon.productgridorlist.productlist_1.thumbnailproduct_0.addproducttobasket/2456?t:ac=484"],["addProductToShoppingList_516","forceAjax","/rayon.productgridorlist.productlist_1.thumbnailproduct_0.addproducttoshoppinglist/2456?t:ac=484"],["addProductToShoppingList_517","forceAjax","/rayon.productgridorlist.productlist_1.thumbnailproduct_0.addproducttoshoppinglist/34956?t:ac=484"],["addProductToBasket_362","forceAjax","/rayon.productgridorlist.productlist_1.thumbnailproduct_0.addproducttobasket/9443?t:ac=484"],["addProductToShoppingList_518","forceAjax","/rayon.productgridorlist.productlist_1.thumbnailproduct_0.addproducttoshoppinglist/9443?t:ac=484"],["addProductToBasket_363","forceAjax","/rayon.productgridorlist.productlist_1.thumbnailproduct_0.addproducttobasket/102661?t:ac=484"],["addProductToShoppingList_519","forceAjax","/rayon.productgridorlist.productlist_1.thumbnailproduct_0.addproducttoshoppinglist/102661?t:ac=484"],["addProductToBasket_364","forceAjax","/rayon.productgridorlist.productlist_1.thumbnailproduct_0.addproducttobasket/101008?t:ac=484"],["addProductToShoppingList_520","forceAjax","/rayon.productgridorlist.productlist_1.thumbnailproduct_0.addproducttoshoppinglist/101008?t:ac=484"],["addProductToBasket_365","forceAjax","/rayon.productgridorlist.productlist_1.thumbnailproduct_0.addproducttobasket/60505?t:ac=484"],["addProductToShoppingList_521","forceAjax","/rayon.productgridorlist.productlist_1.thumbnailproduct_0.addproducttoshoppinglist/60505?t:ac=484"],["addProductToShoppingList_522","forceAjax","/rayon.productgridorlist.productlist_1.thumbnailproduct_0.addproducttoshoppinglist/100894?t:ac=484"],["addProductToBasket_366","forceAjax","/rayon.productgridorlist.productlist_1.thumbnailproduct_0.addproducttobasket/42990?t:ac=484"],["addProductToShoppingList_523","forceAjax","/rayon.productgridorlist.productlist_1.thumbnailproduct_0.addproducttoshoppinglist/42990?t:ac=484"],["addProductToBasket_367","forceAjax","/rayon.productgridorlist.productlist_1.thumbnailproduct_0.addproducttobasket/2179?t:ac=484"],["addProductToShoppingList_524","forceAjax","/rayon.productgridorlist.productlist_1.thumbnailproduct_0.addproducttoshoppinglist/2179?t:ac=484"],["addProductToBasket_368","forceAjax","/rayon.productgridorlist.productlist_1.thumbnailproduct_0.addproducttobasket/16790?t:ac=484"],["addProductToShoppingList_525","forceAjax","/rayon.productgridorlist.productlist_1.thumbnailproduct_0.addproducttoshoppinglist/16790?t:ac=484"],["addProductToShoppingList_526","forceAjax","/rayon.productgridorlist.productlist_1.thumbnailproduct_0.addproducttoshoppinglist/24694?t:ac=484"],["addProductToBasket_369","forceAjax","/rayon.productgridorlist.productlist_1.thumbnailproduct_0.addproducttobasket/32390?t:ac=484"],["addProductToShoppingList_527","forceAjax","/rayon.productgridorlist.productlist_1.thumbnailproduct_0.addproducttoshoppinglist/32390?t:ac=484"],["addProductToBasket_370","forceAjax","/rayon.productgridorlist.productlist_1.thumbnailproduct_0.addproducttobasket/77577?t:ac=484"],["addProductToShoppingList_528","forceAjax","/rayon.productgridorlist.productlist_1.thumbnailproduct_0.addproducttoshoppinglist/77577?t:ac=484"],["addProductToShoppingList_529","forceAjax","/rayon.productgridorlist.productlist_1.thumbnailproduct_0.addproducttoshoppinglist/104200?t:ac=484"],["addProductToBasket_371","forceAjax","/rayon.productgridorlist.productlist_1.thumbnailproduct_0.addproducttobasket/3142?t:ac=484"],["addProductToShoppingList_530","forceAjax","/rayon.productgridorlist.productlist_1.thumbnailproduct_0.addproducttoshoppinglist/3142?t:ac=484"],["addProductToBasket_372","forceAjax","/rayon.productgridorlist.productlist_1.thumbnailproduct_0.addproducttobasket/3140?t:ac=484"],["addProductToShoppingList_531","forceAjax","/rayon.productgridorlist.productlist_1.thumbnailproduct_0.addproducttoshoppinglist/3140?t:ac=484"],["addProductToBasket_373","forceAjax","/rayon.productgridorlist.productlist_1.thumbnailproduct_0.addproducttobasket/52632?t:ac=484"],["addProductToShoppingList_532","forceAjax","/rayon.productgridorlist.productlist_1.thumbnailproduct_0.addproducttoshoppinglist/52632?t:ac=484"],["addProductToBasket_374","forceAjax","/rayon.productgridorlist.productlist_1.thumbnailproduct_0.addproducttobasket/16314?t:ac=484"],["addProductToShoppingList_533","forceAjax","/rayon.productgridorlist.productlist_1.thumbnailproduct_0.addproducttoshoppinglist/16314?t:ac=484"],["addProductToBasket_375","forceAjax","/rayon.productgridorlist.productlist_1.thumbnailproduct_0.addproducttobasket/26340?t:ac=484"],["addProductToShoppingList_534","forceAjax","/rayon.productgridorlist.productlist_1.thumbnailproduct_0.addproducttoshoppinglist/26340?t:ac=484"],["addProductToBasket_376","forceAjax","/rayon.productgridorlist.productlist_1.thumbnailproduct_0.addproducttobasket/100181?t:ac=484"],["addProductToShoppingList_535","forceAjax","/rayon.productgridorlist.productlist_1.thumbnailproduct_0.addproducttoshoppinglist/100181?t:ac=484"],["addProductToBasket_377","forceAjax","/rayon.productgridorlist.productlist_1.thumbnailproduct_0.addproducttobasket/100416?t:ac=484"],["addProductToShoppingList_536","forceAjax","/rayon.productgridorlist.productlist_1.thumbnailproduct_0.addproducttoshoppinglist/100416?t:ac=484"],["addProductToBasket_378","forceAjax","/rayon.productgridorlist.productlist_1.thumbnailproduct_0.addproducttobasket/101025?t:ac=484"],["addProductToShoppingList_537","forceAjax","/rayon.productgridorlist.productlist_1.thumbnailproduct_0.addproducttoshoppinglist/101025?t:ac=484"],["addProductToBasket_379","forceAjax","/rayon.productgridorlist.productlist_1.thumbnailproduct_0.addproducttobasket/100397?t:ac=484"],["addProductToShoppingList_538","forceAjax","/rayon.productgridorlist.productlist_1.thumbnailproduct_0.addproducttoshoppinglist/100397?t:ac=484"],["addProductToBasket_380","forceAjax","/rayon.productgridorlist.productlist_1.thumbnailproduct_0.addproducttobasket/100013?t:ac=484"],["addProductToShoppingList_539","forceAjax","/rayon.productgridorlist.productlist_1.thumbnailproduct_0.addproducttoshoppinglist/100013?t:ac=484"],["addProductToBasket_381","forceAjax","/rayon.productgridorlist.productlist_1.thumbnailproduct_0.addproducttobasket/101065?t:ac=484"],["addProductToShoppingList_540","forceAjax","/rayon.productgridorlist.productlist_1.thumbnailproduct_0.addproducttoshoppinglist/101065?t:ac=484"],["addProductToBasket_382","forceAjax","/rayon.productgridorlist.productlist_1.thumbnailproduct_0.addproducttobasket/61218?t:ac=484"],["addProductToShoppingList_541","forceAjax","/rayon.productgridorlist.productlist_1.thumbnailproduct_0.addproducttoshoppinglist/61218?t:ac=484"],["addProductToBasket_383","forceAjax","/rayon.productgridorlist.productlist_1.thumbnailproduct_0.addproducttobasket/56265?t:ac=484"],["addProductToShoppingList_542","forceAjax","/rayon.productgridorlist.productlist_1.thumbnailproduct_0.addproducttoshoppinglist/56265?t:ac=484"],["addProductToBasket_384","forceAjax","/rayon.productgridorlist.productlist_1.thumbnailproduct_0.addproducttobasket/56569?t:ac=484"],["addProductToShoppingList_543","forceAjax","/rayon.productgridorlist.productlist_1.thumbnailproduct_0.addproducttoshoppinglist/56569?t:ac=484"],["addProductToBasket_385","forceAjax","/rayon.productgridorlist.productlist_1.thumbnailproduct_0.addproducttobasket/56263?t:ac=484"],["addProductToShoppingList_544","forceAjax","/rayon.productgridorlist.productlist_1.thumbnailproduct_0.addproducttoshoppinglist/56263?t:ac=484"],["addProductToBasket_386","forceAjax","/rayon.productgridorlist.productlist_1.thumbnailproduct_0.addproducttobasket/33709?t:ac=484"],["addProductToShoppingList_545","forceAjax","/rayon.productgridorlist.productlist_1.thumbnailproduct_0.addproducttoshoppinglist/33709?t:ac=484"],["addProductToBasket_387","forceAjax","/rayon.productgridorlist.productlist_1.thumbnailproduct_0.addproducttobasket/1655?t:ac=484"],["addProductToShoppingList_546","forceAjax","/rayon.productgridorlist.productlist_1.thumbnailproduct_0.addproducttoshoppinglist/1655?t:ac=484"],["addProductToBasket_388","forceAjax","/rayon.productgridorlist.productlist_1.thumbnailproduct_0.addproducttobasket/58619?t:ac=484"],["addProductToShoppingList_547","forceAjax","/rayon.productgridorlist.productlist_1.thumbnailproduct_0.addproducttoshoppinglist/58619?t:ac=484"],["addProductToBasket_389","forceAjax","/rayon.productgridorlist.productlist_1.thumbnailproduct_0.addproducttobasket/43116?t:ac=484"],["addProductToShoppingList_548","forceAjax","/rayon.productgridorlist.productlist_1.thumbnailproduct_0.addproducttoshoppinglist/43116?t:ac=484"],["addProductToBasket_390","forceAjax","/rayon.productgridorlist.productlist_1.thumbnailproduct_0.addproducttobasket/9153?t:ac=484"],["addProductToShoppingList_549","forceAjax","/rayon.productgridorlist.productlist_1.thumbnailproduct_0.addproducttoshoppinglist/9153?t:ac=484"],["addProductToShoppingList_550","forceAjax","/rayon.productgridorlist.productlist_1.thumbnailproduct_0.addproducttoshoppinglist/4217?t:ac=484"],["addProductToShoppingList_551","forceAjax","/rayon.productgridorlist.productlist_1.thumbnailproduct_0.addproducttoshoppinglist/6722?t:ac=484"],["addProductToShoppingList_552","forceAjax","/rayon.productgridorlist.productlist_1.thumbnailproduct_0.addproducttoshoppinglist/4219?t:ac=484"],["addProductToBasket_391","forceAjax","/rayon.productgridorlist.productlist_1.thumbnailproduct_0.addproducttobasket/6721?t:ac=484"],["addProductToShoppingList_553","forceAjax","/rayon.productgridorlist.productlist_1.thumbnailproduct_0.addproducttoshoppinglist/6721?t:ac=484"],["addProductToBasket_392","forceAjax","/rayon.productgridorlist.productlist_1.thumbnailproduct_0.addproducttobasket/4221?t:ac=484"],["addProductToShoppingList_554","forceAjax","/rayon.productgridorlist.productlist_1.thumbnailproduct_0.addproducttoshoppinglist/4221?t:ac=484"],["addProductToBasket_393","forceAjax","/rayon.productgridorlist.productlist_1.thumbnailproduct_0.addproducttobasket/60894?t:ac=484"],["addProductToShoppingList_555","forceAjax","/rayon.productgridorlist.productlist_1.thumbnailproduct_0.addproducttoshoppinglist/60894?t:ac=484"],["addProductToShoppingList_556","forceAjax","/rayon.productgridorlist.productlist_1.thumbnailproduct_0.addproducttoshoppinglist/19025?t:ac=484"],["addProductToShoppingList_557","forceAjax","/rayon.productgridorlist.productlist_1.thumbnailproduct_0.addproducttoshoppinglist/22053?t:ac=484"],["addProductToShoppingList_558","forceAjax","/rayon.productgridorlist.productlist_1.thumbnailproduct_0.addproducttoshoppinglist/23806?t:ac=484"],["addProductToBasket_394","forceAjax","/rayon.productgridorlist.productlist_1.thumbnailproduct_0.addproducttobasket/37917?t:ac=484"],["addProductToShoppingList_559","forceAjax","/rayon.productgridorlist.productlist_1.thumbnailproduct_0.addproducttoshoppinglist/37917?t:ac=484"],["addProductToBasket_395","forceAjax","/rayon.productgridorlist.productlist_1.thumbnailproduct_0.addproducttobasket/39652?t:ac=484"],["addProductToShoppingList_560","forceAjax","/rayon.productgridorlist.productlist_1.thumbnailproduct_0.addproducttoshoppinglist/39652?t:ac=484"],["addProductToShoppingList_561","forceAjax","/rayon.productgridorlist.productlist_1.thumbnailproduct_0.addproducttoshoppinglist/4223?t:ac=484"],["addProductToBasket_396","forceAjax","/rayon.productgridorlist.productlist_1.thumbnailproduct_0.addproducttobasket/35669?t:ac=484"],["addProductToShoppingList_562","forceAjax","/rayon.productgridorlist.productlist_1.thumbnailproduct_0.addproducttoshoppinglist/35669?t:ac=484"],["addProductToBasket_397","forceAjax","/rayon.productgridorlist.productlist_1.thumbnailproduct_0.addproducttobasket/40185?t:ac=484"],["addProductToShoppingList_563","forceAjax","/rayon.productgridorlist.productlist_1.thumbnailproduct_0.addproducttoshoppinglist/40185?t:ac=484"],["addProductToBasket_398","forceAjax","/rayon.productgridorlist.productlist_1.thumbnailproduct_0.addproducttobasket/40663?t:ac=484"],["addProductToShoppingList_564","forceAjax","/rayon.productgridorlist.productlist_1.thumbnailproduct_0.addproducttoshoppinglist/40663?t:ac=484"],["addProductToShoppingList_565","forceAjax","/rayon.productgridorlist.productlist_1.thumbnailproduct_0.addproducttoshoppinglist/42162?t:ac=484"],["addProductToShoppingList_566","forceAjax","/rayon.productgridorlist.productlist_1.thumbnailproduct_0.addproducttoshoppinglist/39841?t:ac=484"],["addProductToBasket_399","forceAjax","/rayon.productgridorlist.productlist_1.thumbnailproduct_0.addproducttobasket/41535?t:ac=484"],["addProductToShoppingList_567","forceAjax","/rayon.productgridorlist.productlist_1.thumbnailproduct_0.addproducttoshoppinglist/41535?t:ac=484"],["addProductToBasket_400","forceAjax","/rayon.productgridorlist.productlist_1.thumbnailproduct_0.addproducttobasket/45460?t:ac=484"],["addProductToShoppingList_568","forceAjax","/rayon.productgridorlist.productlist_1.thumbnailproduct_0.addproducttoshoppinglist/45460?t:ac=484"],["addProductToBasket_401","forceAjax","/rayon.productgridorlist.productlist_1.thumbnailproduct_0.addproducttobasket/39577?t:ac=484"],["addProductToShoppingList_569","forceAjax","/rayon.productgridorlist.productlist_1.thumbnailproduct_0.addproducttoshoppinglist/39577?t:ac=484"],["addProductToBasket_402","forceAjax","/rayon.productgridorlist.productlist_1.thumbnailproduct_0.addproducttobasket/100595?t:ac=484"],["addProductToShoppingList_570","forceAjax","/rayon.productgridorlist.productlist_1.thumbnailproduct_0.addproducttoshoppinglist/100595?t:ac=484"],["addProductToBasket_403","forceAjax","/rayon.productgridorlist.productlist_1.thumbnailproduct_0.addproducttobasket/2969?t:ac=484"],["addProductToShoppingList_571","forceAjax","/rayon.productgridorlist.productlist_1.thumbnailproduct_0.addproducttoshoppinglist/2969?t:ac=484"],["addProductToBasket_404","forceAjax","/rayon.productgridorlist.productlist_1.thumbnailproduct_0.addproducttobasket/3152?t:ac=484"],["addProductToShoppingList_572","forceAjax","/rayon.productgridorlist.productlist_1.thumbnailproduct_0.addproducttoshoppinglist/3152?t:ac=484"],["addProductToBasket_405","forceAjax","/rayon.productgridorlist.productlist_1.thumbnailproduct_0.addproducttobasket/59414?t:ac=484"],["addProductToShoppingList_573","forceAjax","/rayon.productgridorlist.productlist_1.thumbnailproduct_0.addproducttoshoppinglist/59414?t:ac=484"],["addProductToBasket_406","forceAjax","/rayon.productgridorlist.productlist_1.thumbnailproduct_0.addproducttobasket/58421?t:ac=484"],["addProductToShoppingList_574","forceAjax","/rayon.productgridorlist.productlist_1.thumbnailproduct_0.addproducttoshoppinglist/58421?t:ac=484"],["addProductToBasket_407","forceAjax","/rayon.productgridorlist.productlist_1.thumbnailproduct_0.addproducttobasket/100625?t:ac=484"],["addProductToShoppingList_575","forceAjax","/rayon.productgridorlist.productlist_1.thumbnailproduct_0.addproducttoshoppinglist/100625?t:ac=484"],["addProductToBasket_408","forceAjax","/rayon.productgridorlist.productlist_1.thumbnailproduct_0.addproducttobasket/97734?t:ac=484"],["addProductToShoppingList_576","forceAjax","/rayon.productgridorlist.productlist_1.thumbnailproduct_0.addproducttoshoppinglist/97734?t:ac=484"],["addProductToBasket_409","forceAjax","/rayon.productgridorlist.productlist_1.thumbnailproduct_0.addproducttobasket/35676?t:ac=484"],["addProductToShoppingList_577","forceAjax","/rayon.productgridorlist.productlist_1.thumbnailproduct_0.addproducttoshoppinglist/35676?t:ac=484"],["addProductToShoppingList_578","forceAjax","/rayon.productgridorlist.productlist_1.thumbnailproduct_0.addproducttoshoppinglist/3141?t:ac=484"],["addProductToBasket_410","forceAjax","/rayon.productgridorlist.productlist_1.thumbnailproduct_0.addproducttobasket/58616?t:ac=484"],["addProductToShoppingList_579","forceAjax","/rayon.productgridorlist.productlist_1.thumbnailproduct_0.addproducttoshoppinglist/58616?t:ac=484"],["addProductToBasket_411","forceAjax","/rayon.productgridorlist.productlist_1.thumbnailproduct_0.addproducttobasket/46861?t:ac=484"],["addProductToShoppingList_580","forceAjax","/rayon.productgridorlist.productlist_1.thumbnailproduct_0.addproducttoshoppinglist/46861?t:ac=484"],["addProductToShoppingList_581","forceAjax","/rayon.productgridorlist.productlist_1.thumbnailproduct_0.addproducttoshoppinglist/5921?t:ac=484"],["addProductToBasket_412","forceAjax","/rayon.productgridorlist.productlist_1.thumbnailproduct_0.addproducttobasket/40590?t:ac=484"],["addProductToShoppingList_582","forceAjax","/rayon.productgridorlist.productlist_1.thumbnailproduct_0.addproducttoshoppinglist/40590?t:ac=484"],["addProductToBasket_413","forceAjax","/rayon.productgridorlist.productlist_1.thumbnailproduct_0.addproducttobasket/1738?t:ac=484"],["addProductToShoppingList_583","forceAjax","/rayon.productgridorlist.productlist_1.thumbnailproduct_0.addproducttoshoppinglist/1738?t:ac=484"],["addProductToShoppingList_584","forceAjax","/rayon.productgridorlist.productlist_1.thumbnailproduct_0.addproducttoshoppinglist/1649?t:ac=484"],["addProductToBasket_414","forceAjax","/rayon.productgridorlist.productlist_1.thumbnailproduct_0.addproducttobasket/23863?t:ac=484"],["addProductToShoppingList_585","forceAjax","/rayon.productgridorlist.productlist_1.thumbnailproduct_0.addproducttoshoppinglist/23863?t:ac=484"],["addProductToBasket_415","forceAjax","/rayon.productgridorlist.productlist_1.thumbnailproduct_0.addproducttobasket/40462?t:ac=484"],["addProductToShoppingList_586","forceAjax","/rayon.productgridorlist.productlist_1.thumbnailproduct_0.addproducttoshoppinglist/40462?t:ac=484"],["addProductToBasket_416","forceAjax","/rayon.productgridorlist.productlist_1.thumbnailproduct_0.addproducttobasket/1206?t:ac=484"],["addProductToShoppingList_587","forceAjax","/rayon.productgridorlist.productlist_1.thumbnailproduct_0.addproducttoshoppinglist/1206?t:ac=484"],["addProductToShoppingList_588","forceAjax","/rayon.productgridorlist.productlist_1.thumbnailproduct_0.addproducttoshoppinglist/58615?t:ac=484"],["addProductToBasket_417","forceAjax","/rayon.productgridorlist.productlist_1.thumbnailproduct_0.addproducttobasket/37429?t:ac=484"],["addProductToShoppingList_589","forceAjax","/rayon.productgridorlist.productlist_1.thumbnailproduct_0.addproducttoshoppinglist/37429?t:ac=484"],["addProductToBasket_418","forceAjax","/rayon.productgridorlist.productlist_1.thumbnailproduct_0.addproducttobasket/1347?t:ac=484"],["addProductToShoppingList_590","forceAjax","/rayon.productgridorlist.productlist_1.thumbnailproduct_0.addproducttoshoppinglist/1347?t:ac=484"],["addProductToBasket_419","forceAjax","/rayon.productgridorlist.productlist_1.thumbnailproduct_0.addproducttobasket/1348?t:ac=484"],["addProductToShoppingList_591","forceAjax","/rayon.productgridorlist.productlist_1.thumbnailproduct_0.addproducttoshoppinglist/1348?t:ac=484"],["addProductToBasket_420","forceAjax","/rayon.productgridorlist.productlist_1.thumbnailproduct_0.addproducttobasket/58152?t:ac=484"],["addProductToShoppingList_592","forceAjax","/rayon.productgridorlist.productlist_1.thumbnailproduct_0.addproducttoshoppinglist/58152?t:ac=484"],["addProductToShoppingList_593","forceAjax","/rayon.productgridorlist.productlist_1.thumbnailproduct_0.addproducttoshoppinglist/94700?t:ac=484"],["addProductToShoppingList_594","forceAjax","/rayon.productgridorlist.productlist_1.thumbnailproduct_0.addproducttoshoppinglist/100600?t:ac=484"],["addProductToBasket_421","forceAjax","/rayon.productgridorlist.productlist_1.thumbnailproduct_0.addproducttobasket/46658?t:ac=484"],["addProductToShoppingList_595","forceAjax","/rayon.productgridorlist.productlist_1.thumbnailproduct_0.addproducttoshoppinglist/46658?t:ac=484"],["addProductToBasket_422","forceAjax","/rayon.productgridorlist.productlist_1.thumbnailproduct_0.addproducttobasket/7943?t:ac=484"],["addProductToShoppingList_596","forceAjax","/rayon.productgridorlist.productlist_1.thumbnailproduct_0.addproducttoshoppinglist/7943?t:ac=484"],["addProductToBasket_423","forceAjax","/rayon.productgridorlist.productlist_1.thumbnailproduct_0.addproducttobasket/43821?t:ac=484"],["addProductToShoppingList_597","forceAjax","/rayon.productgridorlist.productlist_1.thumbnailproduct_0.addproducttoshoppinglist/43821?t:ac=484"],["addProductToBasket_424","forceAjax","/rayon.productgridorlist.productlist_1.thumbnailproduct_0.addproducttobasket/44238?t:ac=484"],["addProductToShoppingList_598","forceAjax","/rayon.productgridorlist.productlist_1.thumbnailproduct_0.addproducttoshoppinglist/44238?t:ac=484"],["addProductToShoppingList_599","forceAjax","/rayon.productgridorlist.productlist_1.thumbnailproduct_0.addproducttoshoppinglist/15464?t:ac=484"],["addProductToBasket_425","forceAjax","/rayon.productgridorlist.productlist_1.thumbnailproduct_0.addproducttobasket/15465?t:ac=484"],["addProductToShoppingList_600","forceAjax","/rayon.productgridorlist.productlist_1.thumbnailproduct_0.addproducttoshoppinglist/15465?t:ac=484"],["addProductToBasket_426","forceAjax","/rayon.productgridorlist.productlist_1.thumbnailproduct_0.addproducttobasket/43822?t:ac=484"],["addProductToShoppingList_601","forceAjax","/rayon.productgridorlist.productlist_1.thumbnailproduct_0.addproducttoshoppinglist/43822?t:ac=484"],["addProductToBasket_427","forceAjax","/rayon.productgridorlist.productlist_1.thumbnailproduct_0.addproducttobasket/15466?t:ac=484"],["addProductToShoppingList_602","forceAjax","/rayon.productgridorlist.productlist_1.thumbnailproduct_0.addproducttoshoppinglist/15466?t:ac=484"],["addProductToShoppingList_603","forceAjax","/rayon.productgridorlist.productlist_1.thumbnailproduct_0.addproducttoshoppinglist/91676?t:ac=484"],["addProductToBasket_428","forceAjax","/rayon.productgridorlist.productlist_1.thumbnailproduct_0.addproducttobasket/91680?t:ac=484"],["addProductToShoppingList_604","forceAjax","/rayon.productgridorlist.productlist_1.thumbnailproduct_0.addproducttoshoppinglist/91680?t:ac=484"],["addProductToShoppingList_605","forceAjax","/rayon.productgridorlist.productlist_1.thumbnailproduct_0.addproducttoshoppinglist/28202?t:ac=484"],["addProductToBasket_429","forceAjax","/rayon.productgridorlist.productlist_1.thumbnailproduct_0.addproducttobasket/76809?t:ac=484"],["addProductToShoppingList_606","forceAjax","/rayon.productgridorlist.productlist_1.thumbnailproduct_0.addproducttoshoppinglist/76809?t:ac=484"],["addProductToShoppingList_607","forceAjax","/rayon.productgridorlist.productlist_1.thumbnailproduct_0.addproducttoshoppinglist/60609?t:ac=484"],["addProductToBasket_430","forceAjax","/rayon.productgridorlist.productlist_1.thumbnailproduct_0.addproducttobasket/60608?t:ac=484"],["addProductToShoppingList_608","forceAjax","/rayon.productgridorlist.productlist_1.thumbnailproduct_0.addproducttoshoppinglist/60608?t:ac=484"],["addProductToShoppingList_609","forceAjax","/rayon.productgridorlist.productlist_1.thumbnailproduct_0.addproducttoshoppinglist/54111?t:ac=484"],["addProductToShoppingList_610","forceAjax","/rayon.productgridorlist.productlist_1.thumbnailproduct_0.addproducttoshoppinglist/54109?t:ac=484"],["addProductToShoppingList_611","forceAjax","/rayon.productgridorlist.productlist_1.thumbnailproduct_0.addproducttoshoppinglist/51400?t:ac=484"],["addProductToBasket_431","forceAjax","/rayon.productgridorlist.productlist_1.thumbnailproduct_0.addproducttobasket/56516?t:ac=484"],["addProductToShoppingList_612","forceAjax","/rayon.productgridorlist.productlist_1.thumbnailproduct_0.addproducttoshoppinglist/56516?t:ac=484"],["addProductToBasket_432","forceAjax","/rayon.productgridorlist.productlist_1.thumbnailproduct_0.addproducttobasket/104267?t:ac=484"],["addProductToShoppingList_613","forceAjax","/rayon.productgridorlist.productlist_1.thumbnailproduct_0.addproducttoshoppinglist/104267?t:ac=484"],["addProductToBasket_433","forceAjax","/rayon.productgridorlist.productlist_1.thumbnailproduct_0.addproducttobasket/105222?t:ac=484"],["addProductToShoppingList_614","forceAjax","/rayon.productgridorlist.productlist_1.thumbnailproduct_0.addproducttoshoppinglist/105222?t:ac=484"],["addProductToBasket_434","forceAjax","/rayon.productgridorlist.productlist_1.thumbnailproduct_0.addproducttobasket/105223?t:ac=484"],["addProductToShoppingList_615","forceAjax","/rayon.productgridorlist.productlist_1.thumbnailproduct_0.addproducttoshoppinglist/105223?t:ac=484"],["addProductToBasket_435","forceAjax","/rayon.productgridorlist.productlist_1.thumbnailproduct_0.addproducttobasket/105224?t:ac=484"],["addProductToShoppingList_616","forceAjax","/rayon.productgridorlist.productlist_1.thumbnailproduct_0.addproducttoshoppinglist/105224?t:ac=484"],["addProductToBasket_436","forceAjax","/rayon.productgridorlist.productlist_1.thumbnailproduct_0.addproducttobasket/2976?t:ac=484"],["addProductToShoppingList_617","forceAjax","/rayon.productgridorlist.productlist_1.thumbnailproduct_0.addproducttoshoppinglist/2976?t:ac=484"],["addProductToBasket_437","forceAjax","/rayon.productgridorlist.productlist_1.thumbnailproduct_0.addproducttobasket/51880?t:ac=484"],["addProductToShoppingList_618","forceAjax","/rayon.productgridorlist.productlist_1.thumbnailproduct_0.addproducttoshoppinglist/51880?t:ac=484"],["addProductToBasket_438","forceAjax","/rayon.productgridorlist.productlist_1.thumbnailproduct_0.addproducttobasket/61008?t:ac=484"],["addProductToShoppingList_619","forceAjax","/rayon.productgridorlist.productlist_1.thumbnailproduct_0.addproducttoshoppinglist/61008?t:ac=484"],["addProductToBasket_439","forceAjax","/rayon.productgridorlist.productlist_1.thumbnailproduct_0.addproducttobasket/60027?t:ac=484"],["addProductToShoppingList_620","forceAjax","/rayon.productgridorlist.productlist_1.thumbnailproduct_0.addproducttoshoppinglist/60027?t:ac=484"],["addProductToShoppingList_621","forceAjax","/rayon.productgridorlist.productlist_1.thumbnailproduct_0.addproducttoshoppinglist/4138?t:ac=484"],["addProductToBasket_440","forceAjax","/rayon.productgridorlist.productlist_1.thumbnailproduct_0.addproducttobasket/42823?t:ac=484"],["addProductToShoppingList_622","forceAjax","/rayon.productgridorlist.productlist_1.thumbnailproduct_0.addproducttoshoppinglist/42823?t:ac=484"],["addProductToBasket_441","forceAjax","/rayon.productgridorlist.productlist_1.thumbnailproduct_0.addproducttobasket/46308?t:ac=484"],["addProductToShoppingList_623","forceAjax","/rayon.productgridorlist.productlist_1.thumbnailproduct_0.addproducttoshoppinglist/46308?t:ac=484"],["addProductToShoppingList_624","forceAjax","/rayon.productgridorlist.productlist_1.thumbnailproduct_0.addproducttoshoppinglist/78276?t:ac=484"],["addProductToShoppingList_625","forceAjax","/rayon.productgridorlist.productlist_1.thumbnailproduct_0.addproducttoshoppinglist/6725?t:ac=484"],["addProductToShoppingList_626","forceAjax","/rayon.productgridorlist.productlist_1.thumbnailproduct_0.addproducttoshoppinglist/60821?t:ac=484"],["addProductToShoppingList_627","forceAjax","/rayon.productgridorlist.productlist_1.thumbnailproduct_0.addproducttoshoppinglist/4139?t:ac=484"],["addProductToShoppingList_628","forceAjax","/rayon.productgridorlist.productlist_1.thumbnailproduct_0.addproducttoshoppinglist/22454?t:ac=484"],["addProductToShoppingList_629","forceAjax","/rayon.productgridorlist.productlist_1.thumbnailproduct_0.addproducttoshoppinglist/29101?t:ac=484"],["addProductToShoppingList_630","forceAjax","/rayon.productgridorlist.productlist_1.thumbnailproduct_0.addproducttoshoppinglist/6724?t:ac=484"],["addProductToShoppingList_631","forceAjax","/rayon.productgridorlist.productlist_1.thumbnailproduct_0.addproducttoshoppinglist/4136?t:ac=484"],["addProductToShoppingList_632","forceAjax","/rayon.productgridorlist.productlist_1.thumbnailproduct_0.addproducttoshoppinglist/5309?t:ac=484"],["addProductToShoppingList_633","forceAjax","/rayon.productgridorlist.productlist_1.thumbnailproduct_0.addproducttoshoppinglist/33698?t:ac=484"],["addProductToShoppingList_634","forceAjax","/rayon.productgridorlist.productlist_1.thumbnailproduct_0.addproducttoshoppinglist/33700?t:ac=484"],["addProductToShoppingList_635","forceAjax","/rayon.productgridorlist.productlist_1.thumbnailproduct_0.addproducttoshoppinglist/61345?t:ac=484"],["addProductToShoppingList_636","forceAjax","/rayon.productgridorlist.productlist_1.thumbnailproduct_0.addproducttoshoppinglist/61369?t:ac=484"],["addProductToBasket_442","forceAjax","/rayon.productgridorlist.productlist_1.thumbnailproduct_0.addproducttobasket/57992?t:ac=484"],["addProductToShoppingList_637","forceAjax","/rayon.productgridorlist.productlist_1.thumbnailproduct_0.addproducttoshoppinglist/57992?t:ac=484"],["addProductToBasket_443","forceAjax","/rayon.productgridorlist.productlist_1.thumbnailproduct_0.addproducttobasket/23680?t:ac=484"],["addProductToShoppingList_638","forceAjax","/rayon.productgridorlist.productlist_1.thumbnailproduct_0.addproducttoshoppinglist/23680?t:ac=484"],["addProductToBasket_444","forceAjax","/rayon.productgridorlist.productlist_1.thumbnailproduct_0.addproducttobasket/100873?t:ac=484"],["addProductToShoppingList_639","forceAjax","/rayon.productgridorlist.productlist_1.thumbnailproduct_0.addproducttoshoppinglist/100873?t:ac=484"],["addProductToBasket_445","forceAjax","/rayon.productgridorlist.productlist_1.thumbnailproduct_0.addproducttobasket/48339?t:ac=484"],["addProductToShoppingList_640","forceAjax","/rayon.productgridorlist.productlist_1.thumbnailproduct_0.addproducttoshoppinglist/48339?t:ac=484"],["addProductToBasket_446","forceAjax","/rayon.productgridorlist.productlist_1.thumbnailproduct_0.addproducttobasket/18087?t:ac=484"],["addProductToShoppingList_641","forceAjax","/rayon.productgridorlist.productlist_1.thumbnailproduct_0.addproducttoshoppinglist/18087?t:ac=484"],["addProductToBasket_447","forceAjax","/rayon.productgridorlist.productlist_1.thumbnailproduct_0.addproducttobasket/58897?t:ac=484"],["addProductToShoppingList_642","forceAjax","/rayon.productgridorlist.productlist_1.thumbnailproduct_0.addproducttoshoppinglist/58897?t:ac=484"],["addProductToBasket_448","forceAjax","/rayon.productgridorlist.productlist_1.thumbnailproduct_0.addproducttobasket/28720?t:ac=484"],["addProductToShoppingList_643","forceAjax","/rayon.productgridorlist.productlist_1.thumbnailproduct_0.addproducttoshoppinglist/28720?t:ac=484"],["addProductToBasket_449","forceAjax","/rayon.productgridorlist.productlist_1.thumbnailproduct_0.addproducttobasket/61371?t:ac=484"],["addProductToShoppingList_644","forceAjax","/rayon.productgridorlist.productlist_1.thumbnailproduct_0.addproducttoshoppinglist/61371?t:ac=484"],["addProductToBasket_450","forceAjax","/rayon.productgridorlist.productlist_1.thumbnailproduct_0.addproducttobasket/59658?t:ac=484"],["addProductToShoppingList_645","forceAjax","/rayon.productgridorlist.productlist_1.thumbnailproduct_0.addproducttoshoppinglist/59658?t:ac=484"],["addProductToBasket_451","forceAjax","/rayon.productgridorlist.productlist_1.thumbnailproduct_0.addproducttobasket/46186?t:ac=484"],["addProductToShoppingList_646","forceAjax","/rayon.productgridorlist.productlist_1.thumbnailproduct_0.addproducttoshoppinglist/46186?t:ac=484"],["addProductToBasket_452","forceAjax","/rayon.productgridorlist.productlist_1.thumbnailproduct_0.addproducttobasket/61370?t:ac=484"],["addProductToShoppingList_647","forceAjax","/rayon.productgridorlist.productlist_1.thumbnailproduct_0.addproducttoshoppinglist/61370?t:ac=484"],["addProductToBasket_453","forceAjax","/rayon.productgridorlist.productlist_1.thumbnailproduct_0.addproducttobasket/100489?t:ac=484"],["addProductToShoppingList_648","forceAjax","/rayon.productgridorlist.productlist_1.thumbnailproduct_0.addproducttoshoppinglist/100489?t:ac=484"],["addProductToBasket_454","forceAjax","/rayon.productgridorlist.productlist_1.thumbnailproduct_0.addproducttobasket/38768?t:ac=484"],["addProductToShoppingList_649","forceAjax","/rayon.productgridorlist.productlist_1.thumbnailproduct_0.addproducttoshoppinglist/38768?t:ac=484"],["addProductToBasket_455","forceAjax","/rayon.productgridorlist.productlist_1.thumbnailproduct_0.addproducttobasket/35679?t:ac=484"],["addProductToShoppingList_650","forceAjax","/rayon.productgridorlist.productlist_1.thumbnailproduct_0.addproducttoshoppinglist/35679?t:ac=484"],["addProductToBasket_456","forceAjax","/rayon.productgridorlist.productlist_1.thumbnailproduct_0.addproducttobasket/100935?t:ac=484"],["addProductToShoppingList_651","forceAjax","/rayon.productgridorlist.productlist_1.thumbnailproduct_0.addproducttoshoppinglist/100935?t:ac=484"],["addProductToBasket_457","forceAjax","/rayon.productgridorlist.productlist_1.thumbnailproduct_0.addproducttobasket/1507?t:ac=484"],["addProductToShoppingList_652","forceAjax","/rayon.productgridorlist.productlist_1.thumbnailproduct_0.addproducttoshoppinglist/1507?t:ac=484"],["addProductToBasket_458","forceAjax","/rayon.productgridorlist.productlist_1.thumbnailproduct_0.addproducttobasket/100490?t:ac=484"],["addProductToShoppingList_653","forceAjax","/rayon.productgridorlist.productlist_1.thumbnailproduct_0.addproducttoshoppinglist/100490?t:ac=484"],["addProductToBasket_459","forceAjax","/rayon.productgridorlist.productlist_1.thumbnailproduct_0.addproducttobasket/37678?t:ac=484"],["addProductToShoppingList_654","forceAjax","/rayon.productgridorlist.productlist_1.thumbnailproduct_0.addproducttoshoppinglist/37678?t:ac=484"],["addProductToBasket_460","forceAjax","/rayon.productgridorlist.productlist_1.thumbnailproduct_0.addproducttobasket/1508?t:ac=484"],["addProductToShoppingList_655","forceAjax","/rayon.productgridorlist.productlist_1.thumbnailproduct_0.addproducttoshoppinglist/1508?t:ac=484"],["addProductToBasket_461","forceAjax","/rayon.productgridorlist.productlist_1.thumbnailproduct_0.addproducttobasket/100448?t:ac=484"],["addProductToShoppingList_656","forceAjax","/rayon.productgridorlist.productlist_1.thumbnailproduct_0.addproducttoshoppinglist/100448?t:ac=484"],["addProductToShoppingList_657","forceAjax","/rayon.productgridorlist.productlist_1.thumbnailproduct_0.addproducttoshoppinglist/100114?t:ac=484"],["addProductToBasket_462","forceAjax","/rayon.productgridorlist.productlist_1.thumbnailproduct_0.addproducttobasket/100247?t:ac=484"],["addProductToShoppingList_658","forceAjax","/rayon.productgridorlist.productlist_1.thumbnailproduct_0.addproducttoshoppinglist/100247?t:ac=484"],["addProductToBasket_463","forceAjax","/rayon.productgridorlist.productlist_1.thumbnailproduct_0.addproducttobasket/61042?t:ac=484"],["addProductToShoppingList_659","forceAjax","/rayon.productgridorlist.productlist_1.thumbnailproduct_0.addproducttoshoppinglist/61042?t:ac=484"],["addProductToShoppingList_660","forceAjax","/rayon.productgridorlist.productlist_1.thumbnailproduct_0.addproducttoshoppinglist/53790?t:ac=484"],["addProductToBasket_464","forceAjax","/rayon.productgridorlist.productlist_1.thumbnailproduct_0.addproducttobasket/53792?t:ac=484"],["addProductToShoppingList_661","forceAjax","/rayon.productgridorlist.productlist_1.thumbnailproduct_0.addproducttoshoppinglist/53792?t:ac=484"],["addProductToShoppingList_662","forceAjax","/rayon.productgridorlist.productlist_1.thumbnailproduct_0.addproducttoshoppinglist/53793?t:ac=484"],["addProductToBasket_465","forceAjax","/rayon.productgridorlist.productlist_1.thumbnailproduct_0.addproducttobasket/53791?t:ac=484"],["addProductToShoppingList_663","forceAjax","/rayon.productgridorlist.productlist_1.thumbnailproduct_0.addproducttoshoppinglist/53791?t:ac=484"],["addProductToBasket_466","forceAjax","/rayon.productgridorlist.productlist_1.thumbnailproduct_0.addproducttobasket/95939?t:ac=484"],["addProductToShoppingList_664","forceAjax","/rayon.productgridorlist.productlist_1.thumbnailproduct_0.addproducttoshoppinglist/95939?t:ac=484"],["addProductToShoppingList_665","forceAjax","/rayon.productgridorlist.productlist_1.thumbnailproduct_0.addproducttoshoppinglist/96004?t:ac=484"],["addProductToBasket_467","forceAjax","/rayon.productgridorlist.productlist_1.thumbnailproduct_0.addproducttobasket/96005?t:ac=484"],["addProductToShoppingList_666","forceAjax","/rayon.productgridorlist.productlist_1.thumbnailproduct_0.addproducttoshoppinglist/96005?t:ac=484"],["addProductToShoppingList_667","forceAjax","/rayon.productgridorlist.productlist_1.thumbnailproduct_0.addproducttoshoppinglist/21871?t:ac=484"],["addProductToShoppingList_668","forceAjax","/rayon.productgridorlist.productlist_1.thumbnailproduct_0.addproducttoshoppinglist/21914?t:ac=484"],["addProductToShoppingList_669","forceAjax","/rayon.productgridorlist.productlist_1.thumbnailproduct_0.addproducttoshoppinglist/21872?t:ac=484"],["addProductToBasket_468","forceAjax","/rayon.productgridorlist.productlist_1.thumbnailproduct_0.addproducttobasket/100198?t:ac=484"],["addProductToShoppingList_670","forceAjax","/rayon.productgridorlist.productlist_1.thumbnailproduct_0.addproducttoshoppinglist/100198?t:ac=484"],["addProductToShoppingList_671","forceAjax","/rayon.productgridorlist.productlist_1.thumbnailproduct_0.addproducttoshoppinglist/56957?t:ac=484"],["addProductToShoppingList_672","forceAjax","/rayon.productgridorlist.productlist_1.thumbnailproduct_0.addproducttoshoppinglist/56895?t:ac=484"],["addProductToBasket_469","forceAjax","/rayon.productgridorlist.productlist_1.thumbnailproduct_0.addproducttobasket/1287?t:ac=484"],["addProductToShoppingList_673","forceAjax","/rayon.productgridorlist.productlist_1.thumbnailproduct_0.addproducttoshoppinglist/1287?t:ac=484"],["addProductToBasket_470","forceAjax","/rayon.productgridorlist.productlist_1.thumbnailproduct_0.addproducttobasket/38782?t:ac=484"],["addProductToShoppingList_674","forceAjax","/rayon.productgridorlist.productlist_1.thumbnailproduct_0.addproducttoshoppinglist/38782?t:ac=484"],["suggestionPopup","forceAjax","/rayon.suggestionpopup?t:ac=484"],["eventlink","forceAjax","/rayon.customerinfos:showsigninpopup?t:ac=484"],["registerPopup","forceAjax","/rayon.customerinfos.registerpopup?t:ac=484"],["popupAuth","forceAjax","/rayon.customerinfos.popupauth?t:ac=484"],["showSlotTab","forceAjax","/rayon.customerinfos.slotinfo.showslottab?t:ac=484"],["basket","forceAjax","/rayon.customerinfos.basket?t:ac=484"],["lists","forceAjax","/rayon.customerinfos.lists?t:ac=484"],["topBasket","forceAjax","/rayon.customerinfos.topbasket?t:ac=484"],["validateBasket","forceAjax","/rayon.customerinfos.minibasket.validatebasket?t:ac=484"]]});
});
</script></body></html>